%YAML 1.1
%TAG !u! tag:unity3d.com,2011:
--- !u!1 &100624
GameObject:
  m_ObjectHideFlags: 0
  m_CorrespondingSourceObject: {fileID: 0}
  m_PrefabInstance: {fileID: 0}
  m_PrefabAsset: {fileID: 0}
  serializedVersion: 6
  m_Component:
  - component: {fileID: 473706}
  m_Layer: 0
  m_Name: L_Toe_J
  m_TagString: Untagged
  m_Icon: {fileID: 0}
  m_NavMeshLayer: 0
  m_StaticEditorFlags: 0
  m_IsActive: 1
--- !u!4 &473706
Transform:
  m_ObjectHideFlags: 0
  m_CorrespondingSourceObject: {fileID: 0}
  m_PrefabInstance: {fileID: 0}
  m_PrefabAsset: {fileID: 0}
  m_GameObject: {fileID: 100624}
  m_LocalRotation: {x: 0.03204346, y: -0.062222186, z: -0.11048138, w: 0.99141085}
  m_LocalPosition: {x: -0.0003536324, y: 0.0001503262, z: 0.000012011206}
  m_LocalScale: {x: 1, y: 1, z: 1}
  m_Children: []
  m_Father: {fileID: 476720}
  m_RootOrder: 0
  m_LocalEulerAnglesHint: {x: 2.8537998, y: -7.5053, z: -12.904699}
--- !u!1 &102826
GameObject:
  m_ObjectHideFlags: 0
  m_CorrespondingSourceObject: {fileID: 0}
  m_PrefabInstance: {fileID: 0}
  m_PrefabAsset: {fileID: 0}
  serializedVersion: 6
  m_Component:
  - component: {fileID: 457870}
  m_Layer: 0
  m_Name: Left_Clavicle_Jnt
  m_TagString: Untagged
  m_Icon: {fileID: 0}
  m_NavMeshLayer: 0
  m_StaticEditorFlags: 0
  m_IsActive: 1
--- !u!4 &457870
Transform:
  m_ObjectHideFlags: 0
  m_CorrespondingSourceObject: {fileID: 0}
  m_PrefabInstance: {fileID: 0}
  m_PrefabAsset: {fileID: 0}
  m_GameObject: {fileID: 102826}
  m_LocalRotation: {x: -0.5677064, y: 0.41567257, z: 0.4078952, w: 0.58184814}
  m_LocalPosition: {x: -0.00083281886, y: -0.00005842458, z: 0.00039268218}
  m_LocalScale: {x: 1, y: 1, z: 1}
  m_Children:
  - {fileID: 454022}
  m_Father: {fileID: 418472}
  m_RootOrder: 2
  m_LocalEulerAnglesHint: {x: -88.6923, y: 64.4277, z: 6.8097997}
--- !u!1 &103466
GameObject:
  m_ObjectHideFlags: 0
  m_CorrespondingSourceObject: {fileID: 0}
  m_PrefabInstance: {fileID: 0}
  m_PrefabAsset: {fileID: 0}
  serializedVersion: 6
  m_Component:
  - component: {fileID: 469260}
  m_Layer: 0
  m_Name: Extra_J
  m_TagString: Untagged
  m_Icon: {fileID: 0}
  m_NavMeshLayer: 0
  m_StaticEditorFlags: 0
  m_IsActive: 1
--- !u!4 &469260
Transform:
  m_ObjectHideFlags: 0
  m_CorrespondingSourceObject: {fileID: 0}
  m_PrefabInstance: {fileID: 0}
  m_PrefabAsset: {fileID: 0}
  m_GameObject: {fileID: 103466}
  m_LocalRotation: {x: 0.0004801586, y: 0.0229162, z: -0.020462492, w: 0.9995279}
  m_LocalPosition: {x: -0.0006181373, y: -0.00047139695, z: -0.00027688517}
  m_LocalScale: {x: 1, y: 1, z: 1}
  m_Children: []
  m_Father: {fileID: 442548}
  m_RootOrder: 0
  m_LocalEulerAnglesHint: {x: 0.1087, y: 2.6246, z: -2.3430998}
--- !u!1 &104310
GameObject:
  m_ObjectHideFlags: 0
  m_CorrespondingSourceObject: {fileID: 0}
  m_PrefabInstance: {fileID: 0}
  m_PrefabAsset: {fileID: 0}
  serializedVersion: 6
  m_Component:
  - component: {fileID: 403456}
  - component: {fileID: 13730952}
  m_Layer: 0
  m_Name: Batch_07_Ch_01_Avatar
  m_TagString: Untagged
  m_Icon: {fileID: 0}
  m_NavMeshLayer: 0
  m_StaticEditorFlags: 0
  m_IsActive: 1
--- !u!4 &403456
Transform:
  m_ObjectHideFlags: 0
  m_CorrespondingSourceObject: {fileID: 0}
  m_PrefabInstance: {fileID: 0}
  m_PrefabAsset: {fileID: 0}
  m_GameObject: {fileID: 104310}
  m_LocalRotation: {x: 0, y: 0, z: 0, w: 1}
  m_LocalPosition: {x: -0, y: -0.004386021, z: -0.0007313582}
  m_LocalScale: {x: 1, y: 1, z: 1}
  m_Children: []
  m_Father: {fileID: 418486}
  m_RootOrder: 0
  m_LocalEulerAnglesHint: {x: 0, y: 0, z: 0}
--- !u!137 &13730952
SkinnedMeshRenderer:
  m_ObjectHideFlags: 0
  m_CorrespondingSourceObject: {fileID: 0}
  m_PrefabInstance: {fileID: 0}
  m_PrefabAsset: {fileID: 0}
  m_GameObject: {fileID: 104310}
  m_Enabled: 1
  m_CastShadows: 1
  m_ReceiveShadows: 1
  m_DynamicOccludee: 1
  m_MotionVectors: 1
  m_LightProbeUsage: 1
  m_ReflectionProbeUsage: 1
  m_RenderingLayerMask: 1
  m_RendererPriority: 0
  m_Materials:
  - {fileID: 2100000, guid: c72be5792e13dfe43b20e7b0bb5582f8, type: 2}
  m_StaticBatchInfo:
    firstSubMesh: 0
    subMeshCount: 0
  m_StaticBatchRoot: {fileID: 0}
  m_ProbeAnchor: {fileID: 0}
  m_LightProbeVolumeOverride: {fileID: 0}
  m_ScaleInLightmap: 1
  m_PreserveUVs: 0
  m_IgnoreNormalsForChartDetection: 0
  m_ImportantGI: 0
  m_StitchLightmapSeams: 0
  m_SelectedEditorRenderState: 3
  m_MinimumChartSize: 4
  m_AutoUVMaxDistance: 0.5
  m_AutoUVMaxAngle: 89
  m_LightmapParameters: {fileID: 0}
  m_SortingLayerID: 0
  m_SortingLayer: 0
  m_SortingOrder: 0
  serializedVersion: 2
  m_Quality: 0
  m_UpdateWhenOffscreen: 0
  m_SkinnedMotionVectors: 1
  m_Mesh: {fileID: 4300000, guid: 62dc50df24d5be346ae04e129d3dea76, type: 3}
  m_Bones:
  - {fileID: 435158}
  - {fileID: 473586}
  - {fileID: 435020}
  - {fileID: 420066}
  - {fileID: 476720}
  - {fileID: 411466}
  - {fileID: 466850}
  - {fileID: 478576}
  - {fileID: 454820}
  - {fileID: 485824}
  - {fileID: 418472}
  - {fileID: 447664}
  - {fileID: 457870}
  - {fileID: 454022}
  - {fileID: 466978}
  - {fileID: 442548}
  - {fileID: 481368}
  - {fileID: 476688}
  - {fileID: 401060}
  - {fileID: 470016}
  - {fileID: 477098}
  - {fileID: 470512}
  - {fileID: 417026}
  - {fileID: 426930}
  - {fileID: 462010}
  - {fileID: 441278}
  - {fileID: 495936}
  - {fileID: 498516}
  m_BlendShapeWeights: []
  m_RootBone: {fileID: 485824}
  m_AABB:
    m_Center: {x: 0.0009326348, y: 0.000037674443, z: 0.0000000081490725}
    m_Extent: {x: 0.005117353, y: 0.0011070498, z: 0.0051262174}
  m_DirtyAABB: 0
--- !u!1 &104778
GameObject:
  m_ObjectHideFlags: 0
  m_CorrespondingSourceObject: {fileID: 0}
  m_PrefabInstance: {fileID: 0}
  m_PrefabAsset: {fileID: 0}
  serializedVersion: 6
  m_Component:
  - component: {fileID: 495936}
  m_Layer: 0
  m_Name: Right_Fingers_Jnt_01
  m_TagString: Untagged
  m_Icon: {fileID: 0}
  m_NavMeshLayer: 0
  m_StaticEditorFlags: 0
  m_IsActive: 1
--- !u!4 &495936
Transform:
  m_ObjectHideFlags: 0
  m_CorrespondingSourceObject: {fileID: 0}
  m_PrefabInstance: {fileID: 0}
  m_PrefabAsset: {fileID: 0}
  m_GameObject: {fileID: 104778}
  m_LocalRotation: {x: -0.018117353, y: -0.012973707, z: -0.016752604, w: 0.9996113}
  m_LocalPosition: {x: 0.0006038063, y: -0.00000832835, z: -0.00004588728}
  m_LocalScale: {x: 1, y: 1, z: 1}
  m_Children:
  - {fileID: 498516}
  m_Father: {fileID: 426930}
  m_RootOrder: 1
  m_LocalEulerAnglesHint: {x: -2.1007, y: -1.4525, z: -1.8937}
--- !u!1 &110734
GameObject:
  m_ObjectHideFlags: 0
  m_CorrespondingSourceObject: {fileID: 0}
  m_PrefabInstance: {fileID: 0}
  m_PrefabAsset: {fileID: 0}
  serializedVersion: 6
  m_Component:
  - component: {fileID: 481368}
  m_Layer: 0
  m_Name: Left_Thumb_Jnt_01
  m_TagString: Untagged
  m_Icon: {fileID: 0}
  m_NavMeshLayer: 0
  m_StaticEditorFlags: 0
  m_IsActive: 1
--- !u!4 &481368
Transform:
  m_ObjectHideFlags: 0
  m_CorrespondingSourceObject: {fileID: 0}
  m_PrefabInstance: {fileID: 0}
  m_PrefabAsset: {fileID: 0}
  m_GameObject: {fileID: 110734}
  m_LocalRotation: {x: 0.7231073, y: 0.3863909, z: -0.16493914, w: 0.5482819}
  m_LocalPosition: {x: -0.00031809913, y: -0.00016365282, z: 0.00031748952}
  m_LocalScale: {x: 1, y: 1, z: 1}
  m_Children:
  - {fileID: 476688}
  m_Father: {fileID: 442548}
  m_RootOrder: 2
  m_LocalEulerAnglesHint: {x: 66.9839, y: 151.733, z: 104.845695}
--- !u!1 &112960
GameObject:
  m_ObjectHideFlags: 0
  m_CorrespondingSourceObject: {fileID: 0}
  m_PrefabInstance: {fileID: 0}
  m_PrefabAsset: {fileID: 0}
  serializedVersion: 6
  m_Component:
  - component: {fileID: 466850}
  m_Layer: 0
  m_Name: R_Knee_J
  m_TagString: Untagged
  m_Icon: {fileID: 0}
  m_NavMeshLayer: 0
  m_StaticEditorFlags: 0
  m_IsActive: 1
--- !u!4 &466850
Transform:
  m_ObjectHideFlags: 0
  m_CorrespondingSourceObject: {fileID: 0}
  m_PrefabInstance: {fileID: 0}
  m_PrefabAsset: {fileID: 0}
  m_GameObject: {fileID: 112960}
  m_LocalRotation: {x: 0.026568983, y: 0.03677928, z: 0.6925334, w: 0.71995765}
  m_LocalPosition: {x: -0.000082631224, y: 0.0018372828, z: -0.00000293025}
  m_LocalScale: {x: 1, y: 1, z: 1}
  m_Children:
  - {fileID: 478576}
  m_Father: {fileID: 411466}
  m_RootOrder: 0
  m_LocalEulerAnglesHint: {x: -0.72679996, y: 5.1500998, z: 87.7427}
--- !u!1 &120064
GameObject:
  m_ObjectHideFlags: 0
  m_CorrespondingSourceObject: {fileID: 0}
  m_PrefabInstance: {fileID: 0}
  m_PrefabAsset: {fileID: 0}
  serializedVersion: 6
  m_Component:
  - component: {fileID: 418472}
  m_Layer: 0
  m_Name: Spine_02_J
  m_TagString: Untagged
  m_Icon: {fileID: 0}
  m_NavMeshLayer: 0
  m_StaticEditorFlags: 0
  m_IsActive: 1
--- !u!4 &418472
Transform:
  m_ObjectHideFlags: 0
  m_CorrespondingSourceObject: {fileID: 0}
  m_PrefabInstance: {fileID: 0}
  m_PrefabAsset: {fileID: 0}
  m_GameObject: {fileID: 120064}
  m_LocalRotation: {x: 1.0340071e-25, y: -0.00000016924993, z: 0.007784472, w: 0.9999697}
  m_LocalPosition: {x: -0.0010775634, y: 1.3704315e-18, z: 6.0131347e-19}
  m_LocalScale: {x: 1, y: 1, z: 1}
  m_Children:
  - {fileID: 405010}
  - {fileID: 447664}
  - {fileID: 457870}
  - {fileID: 477098}
  m_Father: {fileID: 485824}
  m_RootOrder: 0
  m_LocalEulerAnglesHint: {x: 0, y: 0, z: 0.89199996}
--- !u!1 &127614
GameObject:
  m_ObjectHideFlags: 0
  m_CorrespondingSourceObject: {fileID: 0}
  m_PrefabInstance: {fileID: 0}
  m_PrefabAsset: {fileID: 0}
  serializedVersion: 6
  m_Component:
  - component: {fileID: 495748}
  m_Layer: 0
  m_Name: Extra2_J
  m_TagString: Untagged
  m_Icon: {fileID: 0}
  m_NavMeshLayer: 0
  m_StaticEditorFlags: 0
  m_IsActive: 1
--- !u!4 &495748
Transform:
  m_ObjectHideFlags: 0
  m_CorrespondingSourceObject: {fileID: 0}
  m_PrefabInstance: {fileID: 0}
  m_PrefabAsset: {fileID: 0}
  m_GameObject: {fileID: 127614}
  m_LocalRotation: {x: 0.9995278, y: -0.02046249, z: -0.022916198, w: -0.00048015857}
  m_LocalPosition: {x: 0.0006467495, y: 0.00047022256, z: 0.00027557134}
  m_LocalScale: {x: 1, y: 1, z: 1}
  m_Children: []
  m_Father: {fileID: 426930}
  m_RootOrder: 0
  m_LocalEulerAnglesHint: {x: -0.108799994, y: -177.3754, z: -177.65689}
--- !u!1 &128578
GameObject:
  m_ObjectHideFlags: 0
  m_CorrespondingSourceObject: {fileID: 0}
  m_PrefabInstance: {fileID: 0}
  m_PrefabAsset: {fileID: 0}
  serializedVersion: 6
  m_Component:
  - component: {fileID: 498516}
  m_Layer: 0
  m_Name: Right_Fingers_02_Jnt
  m_TagString: Untagged
  m_Icon: {fileID: 0}
  m_NavMeshLayer: 0
  m_StaticEditorFlags: 0
  m_IsActive: 1
--- !u!4 &498516
Transform:
  m_ObjectHideFlags: 0
  m_CorrespondingSourceObject: {fileID: 0}
  m_PrefabInstance: {fileID: 0}
  m_PrefabAsset: {fileID: 0}
  m_GameObject: {fileID: 128578}
  m_LocalRotation: {x: 0, y: 0, z: 0, w: 1}
  m_LocalPosition: {x: 0.00033632616, y: -0.000005727287, z: 0.000007511416}
  m_LocalScale: {x: 1, y: 1, z: 1}
  m_Children: []
  m_Father: {fileID: 495936}
  m_RootOrder: 0
  m_LocalEulerAnglesHint: {x: 0, y: 0, z: 0}
--- !u!1 &131698
GameObject:
  m_ObjectHideFlags: 0
  m_CorrespondingSourceObject: {fileID: 0}
  m_PrefabInstance: {fileID: 0}
  m_PrefabAsset: {fileID: 0}
  serializedVersion: 6
  m_Component:
  - component: {fileID: 473586}
  m_Layer: 0
  m_Name: L_Hip_J
  m_TagString: Untagged
  m_Icon: {fileID: 0}
  m_NavMeshLayer: 0
  m_StaticEditorFlags: 0
  m_IsActive: 1
--- !u!4 &473586
Transform:
  m_ObjectHideFlags: 0
  m_CorrespondingSourceObject: {fileID: 0}
  m_PrefabInstance: {fileID: 0}
  m_PrefabAsset: {fileID: 0}
  m_GameObject: {fileID: 131698}
  m_LocalRotation: {x: -0.278283, y: -0.6885897, z: -0.2650218, w: 0.61495227}
  m_LocalPosition: {x: -0.0007222263, y: 1.110223e-18, z: 0}
  m_LocalScale: {x: 1, y: 1, z: 1}
  m_Children:
  - {fileID: 435020}
  m_Father: {fileID: 435158}
  m_RootOrder: 0
  m_LocalEulerAnglesHint: {x: -45.0111, y: -98.393295, z: 4.6485}
--- !u!1 &132498
GameObject:
  m_ObjectHideFlags: 0
  m_CorrespondingSourceObject: {fileID: 0}
  m_PrefabInstance: {fileID: 0}
  m_PrefabAsset: {fileID: 0}
  serializedVersion: 6
  m_Component:
  - component: {fileID: 478974}
  m_Layer: 0
  m_Name: R_Toe_J
  m_TagString: Untagged
  m_Icon: {fileID: 0}
  m_NavMeshLayer: 0
  m_StaticEditorFlags: 0
  m_IsActive: 1
--- !u!4 &478974
Transform:
  m_ObjectHideFlags: 0
  m_CorrespondingSourceObject: {fileID: 0}
  m_PrefabInstance: {fileID: 0}
  m_PrefabAsset: {fileID: 0}
  m_GameObject: {fileID: 132498}
  m_LocalRotation: {x: 0.03723588, y: 0.035286535, z: 0.04219705, w: 0.99779147}
  m_LocalPosition: {x: 0.00038224118, y: -0.00003935621, z: -0.000012011656}
  m_LocalScale: {x: 1, y: 1, z: 1}
  m_Children: []
  m_Father: {fileID: 454820}
  m_RootOrder: 0
  m_LocalEulerAnglesHint: {x: 4.0903, y: 4.2293, z: 4.9943}
--- !u!1 &140108
GameObject:
  m_ObjectHideFlags: 0
  m_CorrespondingSourceObject: {fileID: 0}
  m_PrefabInstance: {fileID: 0}
  m_PrefabAsset: {fileID: 0}
  serializedVersion: 6
  m_Component:
  - component: {fileID: 485824}
  m_Layer: 0
  m_Name: Spine_01_J
  m_TagString: Untagged
  m_Icon: {fileID: 0}
  m_NavMeshLayer: 0
  m_StaticEditorFlags: 0
  m_IsActive: 1
--- !u!4 &485824
Transform:
  m_ObjectHideFlags: 0
  m_CorrespondingSourceObject: {fileID: 0}
  m_PrefabInstance: {fileID: 0}
  m_PrefabAsset: {fileID: 0}
  m_GameObject: {fileID: 140108}
  m_LocalRotation: {x: 0.49874586, y: -0.50125617, z: -0.4987407, w: 0.501251}
  m_LocalPosition: {x: -0.000000065619204, y: 0.0006286213, z: 0.00005573332}
  m_LocalScale: {x: 1, y: 1, z: 1}
  m_Children:
  - {fileID: 418472}
  m_Father: {fileID: 401562}
  m_RootOrder: 1
  m_LocalEulerAnglesHint: {x: 0, y: -90.000595, z: -89.712296}
--- !u!1 &142748
GameObject:
  m_ObjectHideFlags: 0
  m_CorrespondingSourceObject: {fileID: 0}
  m_PrefabInstance: {fileID: 0}
  m_PrefabAsset: {fileID: 0}
  serializedVersion: 6
  m_Component:
  - component: {fileID: 401060}
  m_Layer: 0
  m_Name: Left_Fingers_Jnt_01
  m_TagString: Untagged
  m_Icon: {fileID: 0}
  m_NavMeshLayer: 0
  m_StaticEditorFlags: 0
  m_IsActive: 1
--- !u!4 &401060
Transform:
  m_ObjectHideFlags: 0
  m_CorrespondingSourceObject: {fileID: 0}
  m_PrefabInstance: {fileID: 0}
  m_PrefabAsset: {fileID: 0}
  m_GameObject: {fileID: 142748}
  m_LocalRotation: {x: -0.018117353, y: -0.012973707, z: -0.016752604, w: 0.9996113}
  m_LocalPosition: {x: -0.00060380355, y: 0.000008326256, z: 0.00004588711}
  m_LocalScale: {x: 1, y: 1, z: 1}
  m_Children:
  - {fileID: 470016}
  m_Father: {fileID: 442548}
  m_RootOrder: 1
  m_LocalEulerAnglesHint: {x: -2.1007, y: -1.4525, z: -1.8937}
--- !u!1 &145558
GameObject:
  m_ObjectHideFlags: 0
  m_CorrespondingSourceObject: {fileID: 0}
  m_PrefabInstance: {fileID: 0}
  m_PrefabAsset: {fileID: 0}
  serializedVersion: 6
  m_Component:
  - component: {fileID: 442548}
  m_Layer: 0
  m_Name: Left_Wrist_Jnt
  m_TagString: Untagged
  m_Icon: {fileID: 0}
  m_NavMeshLayer: 0
  m_StaticEditorFlags: 0
  m_IsActive: 1
--- !u!4 &442548
Transform:
  m_ObjectHideFlags: 0
  m_CorrespondingSourceObject: {fileID: 0}
  m_PrefabInstance: {fileID: 0}
  m_PrefabAsset: {fileID: 0}
  m_GameObject: {fileID: 145558}
  m_LocalRotation: {x: -0.0011858246, y: -0.046542063, z: 0.015684087, w: 0.9987925}
  m_LocalPosition: {x: -0.0016107704, y: -0.0000010567893, z: 0.0000052467885}
  m_LocalScale: {x: 1, y: 1, z: 1}
  m_Children:
  - {fileID: 469260}
  - {fileID: 401060}
  - {fileID: 481368}
  - {fileID: 471288}
  m_Father: {fileID: 466978}
  m_RootOrder: 0
  m_LocalEulerAnglesHint: {x: -0.0521, y: -5.3367, z: 1.8017}
--- !u!1 &147830
GameObject:
  m_ObjectHideFlags: 0
  m_CorrespondingSourceObject: {fileID: 0}
  m_PrefabInstance: {fileID: 0}
  m_PrefabAsset: {fileID: 0}
  serializedVersion: 6
  m_Component:
  - component: {fileID: 470016}
  m_Layer: 0
  m_Name: Left_Fingers_02_Jnt
  m_TagString: Untagged
  m_Icon: {fileID: 0}
  m_NavMeshLayer: 0
  m_StaticEditorFlags: 0
  m_IsActive: 1
--- !u!4 &470016
Transform:
  m_ObjectHideFlags: 0
  m_CorrespondingSourceObject: {fileID: 0}
  m_PrefabInstance: {fileID: 0}
  m_PrefabAsset: {fileID: 0}
  m_GameObject: {fileID: 147830}
  m_LocalRotation: {x: 0, y: 0, z: 0, w: 1}
  m_LocalPosition: {x: -0.00033632253, y: 0.0000057266184, z: -0.000007511701}
  m_LocalScale: {x: 1, y: 1, z: 1}
  m_Children: []
  m_Father: {fileID: 401060}
  m_RootOrder: 0
  m_LocalEulerAnglesHint: {x: 0, y: 0, z: 0}
--- !u!1 &150022
GameObject:
  m_ObjectHideFlags: 0
  m_CorrespondingSourceObject: {fileID: 0}
  m_PrefabInstance: {fileID: 0}
  m_PrefabAsset: {fileID: 0}
  serializedVersion: 6
  m_Component:
  - component: {fileID: 435020}
  m_Layer: 0
  m_Name: L_Knee_J
  m_TagString: Untagged
  m_Icon: {fileID: 0}
  m_NavMeshLayer: 0
  m_StaticEditorFlags: 0
  m_IsActive: 1
--- !u!4 &435020
Transform:
  m_ObjectHideFlags: 0
  m_CorrespondingSourceObject: {fileID: 0}
  m_PrefabInstance: {fileID: 0}
  m_PrefabAsset: {fileID: 0}
  m_GameObject: {fileID: 150022}
  m_LocalRotation: {x: 0.026568983, y: 0.03677928, z: 0.6925334, w: 0.71995765}
  m_LocalPosition: {x: 0.00008263109, y: -0.0018372765, z: 0.0000029302141}
  m_LocalScale: {x: 1, y: 1, z: 1}
  m_Children:
  - {fileID: 420066}
  m_Father: {fileID: 473586}
  m_RootOrder: 0
  m_LocalEulerAnglesHint: {x: -0.72679996, y: 5.1500998, z: 87.7427}
--- !u!1 &150700
GameObject:
  m_ObjectHideFlags: 0
  m_CorrespondingSourceObject: {fileID: 0}
  m_PrefabInstance: {fileID: 0}
  m_PrefabAsset: {fileID: 0}
  serializedVersion: 6
  m_Component:
  - component: {fileID: 447664}
  m_Layer: 0
  m_Name: Head_Jnt_01
  m_TagString: Untagged
  m_Icon: {fileID: 0}
  m_NavMeshLayer: 0
  m_StaticEditorFlags: 0
  m_IsActive: 1
--- !u!4 &447664
Transform:
  m_ObjectHideFlags: 0
  m_CorrespondingSourceObject: {fileID: 0}
  m_PrefabInstance: {fileID: 0}
  m_PrefabAsset: {fileID: 0}
  m_GameObject: {fileID: 150700}
  m_LocalRotation: {x: 0.0000022842114, y: -0.0000062196114, z: 0.99919057, w: 0.040227782}
  m_LocalPosition: {x: -0.0015061016, y: -2.7755574e-18, z: 3.3302224e-19}
  m_LocalScale: {x: 1, y: 1, z: 1}
  m_Children: []
  m_Father: {fileID: 418472}
  m_RootOrder: 1
  m_LocalEulerAnglesHint: {x: 0.0007, y: 0.0002, z: 175.38899}
--- !u!1 &153178
GameObject:
  m_ObjectHideFlags: 0
  m_CorrespondingSourceObject: {fileID: 0}
  m_PrefabInstance: {fileID: 0}
  m_PrefabAsset: {fileID: 0}
  serializedVersion: 6
  m_Component:
  - component: {fileID: 441278}
  m_Layer: 0
  m_Name: Right_Thumb_Jnt_02
  m_TagString: Untagged
  m_Icon: {fileID: 0}
  m_NavMeshLayer: 0
  m_StaticEditorFlags: 0
  m_IsActive: 1
--- !u!4 &441278
Transform:
  m_ObjectHideFlags: 0
  m_CorrespondingSourceObject: {fileID: 0}
  m_PrefabInstance: {fileID: 0}
  m_PrefabAsset: {fileID: 0}
  m_GameObject: {fileID: 153178}
  m_LocalRotation: {x: 0.000000007450568, y: 1.3694062e-11, z: 0.001837971, w: 0.99999833}
  m_LocalPosition: {x: 0.00016296204, y: 0.000011805181, z: 0.0000000073384268}
  m_LocalScale: {x: 1, y: 1, z: 1}
  m_Children: []
  m_Father: {fileID: 462010}
  m_RootOrder: 0
  m_LocalEulerAnglesHint: {x: 0, y: 0, z: 0.21059999}
--- !u!1 &154932
GameObject:
  m_ObjectHideFlags: 0
  m_CorrespondingSourceObject: {fileID: 0}
  m_PrefabInstance: {fileID: 0}
  m_PrefabAsset: {fileID: 0}
  serializedVersion: 6
  m_Component:
  - component: {fileID: 405010}
  m_Layer: 0
  m_Name: cloth01_J
  m_TagString: Untagged
  m_Icon: {fileID: 0}
  m_NavMeshLayer: 0
  m_StaticEditorFlags: 0
  m_IsActive: 1
--- !u!4 &405010
Transform:
  m_ObjectHideFlags: 0
  m_CorrespondingSourceObject: {fileID: 0}
  m_PrefabInstance: {fileID: 0}
  m_PrefabAsset: {fileID: 0}
  m_GameObject: {fileID: 154932}
  m_LocalRotation: {x: -0.015250515, y: 0.9998837, z: -0.000005171046, w: -0.00000035473124}
  m_LocalPosition: {x: -0.0009957913, y: -0.0011172709, z: 0.00000001452433}
  m_LocalScale: {x: 1, y: 1, z: 1}
  m_Children:
  - {fileID: 431012}
  m_Father: {fileID: 418472}
  m_RootOrder: 0
  m_LocalEulerAnglesHint: {x: 0.00059999997, y: -180, z: -1.7477}
--- !u!1 &156028
GameObject:
  m_ObjectHideFlags: 0
  m_CorrespondingSourceObject: {fileID: 0}
  m_PrefabInstance: {fileID: 0}
  m_PrefabAsset: {fileID: 0}
  serializedVersion: 6
  m_Component:
  - component: {fileID: 411466}
  m_Layer: 0
  m_Name: R_Hip_J
  m_TagString: Untagged
  m_Icon: {fileID: 0}
  m_NavMeshLayer: 0
  m_StaticEditorFlags: 0
  m_IsActive: 1
--- !u!4 &411466
Transform:
  m_ObjectHideFlags: 0
  m_CorrespondingSourceObject: {fileID: 0}
  m_PrefabInstance: {fileID: 0}
  m_PrefabAsset: {fileID: 0}
  m_GameObject: {fileID: 156028}
  m_LocalRotation: {x: -0.64109725, y: 0.24814378, z: 0.671301, w: 0.27708137}
  m_LocalPosition: {x: 0.00001348519, y: -0.00072169764, z: 0.000024066567}
  m_LocalScale: {x: 1, y: 1, z: 1}
  m_Children:
  - {fileID: 466850}
  m_Father: {fileID: 435158}
  m_RootOrder: 1
  m_LocalEulerAnglesHint: {x: -43.506, y: -85.663895, z: 175.7428}
--- !u!1 &164276
GameObject:
  m_ObjectHideFlags: 0
  m_CorrespondingSourceObject: {fileID: 0}
  m_PrefabInstance: {fileID: 0}
  m_PrefabAsset: {fileID: 0}
  serializedVersion: 6
  m_Component:
  - component: {fileID: 420066}
  m_Layer: 0
  m_Name: L_Ankle_J
  m_TagString: Untagged
  m_Icon: {fileID: 0}
  m_NavMeshLayer: 0
  m_StaticEditorFlags: 0
  m_IsActive: 1
--- !u!4 &420066
Transform:
  m_ObjectHideFlags: 0
  m_CorrespondingSourceObject: {fileID: 0}
  m_PrefabInstance: {fileID: 0}
  m_PrefabAsset: {fileID: 0}
  m_GameObject: {fileID: 164276}
  m_LocalRotation: {x: 0.7983491, y: 0.6017328, z: -0.01621751, w: 0.017127529}
  m_LocalPosition: {x: -0.0020348646, y: 0.00014080094, z: -0.00000583425}
  m_LocalScale: {x: 1, y: 1, z: 1}
  m_Children:
  - {fileID: 476720}
  m_Father: {fileID: 435020}
  m_RootOrder: 0
  m_LocalEulerAnglesHint: {x: 2.6861, y: -179.69699, z: 105.994896}
--- !u!1 &165352
GameObject:
  m_ObjectHideFlags: 0
  m_CorrespondingSourceObject: {fileID: 0}
  m_PrefabInstance: {fileID: 0}
  m_PrefabAsset: {fileID: 0}
  serializedVersion: 6
  m_Component:
  - component: {fileID: 417026}
  m_Layer: 0
  m_Name: Right_Elbow_Jnt
  m_TagString: Untagged
  m_Icon: {fileID: 0}
  m_NavMeshLayer: 0
  m_StaticEditorFlags: 0
  m_IsActive: 1
--- !u!4 &417026
Transform:
  m_ObjectHideFlags: 0
  m_CorrespondingSourceObject: {fileID: 0}
  m_PrefabInstance: {fileID: 0}
  m_PrefabAsset: {fileID: 0}
  m_GameObject: {fileID: 165352}
  m_LocalRotation: {x: -0.10700213, y: 0.034740575, z: 0.00079466123, w: 0.9936514}
  m_LocalPosition: {x: 0.00143962, y: 0.0000017246525, z: 0.0000052139585}
  m_LocalScale: {x: 1, y: 1, z: 1}
  m_Children:
  - {fileID: 426930}
  m_Father: {fileID: 470512}
  m_RootOrder: 0
  m_LocalEulerAnglesHint: {x: -12.2807, y: 4.0417, z: -0.3434}
--- !u!1 &168984
GameObject:
  m_ObjectHideFlags: 0
  m_CorrespondingSourceObject: {fileID: 0}
  m_PrefabInstance: {fileID: 0}
  m_PrefabAsset: {fileID: 0}
  serializedVersion: 6
  m_Component:
  - component: {fileID: 431012}
  m_Layer: 0
  m_Name: cloth02_J
  m_TagString: Untagged
  m_Icon: {fileID: 0}
  m_NavMeshLayer: 0
  m_StaticEditorFlags: 0
  m_IsActive: 1
--- !u!4 &431012
Transform:
  m_ObjectHideFlags: 0
  m_CorrespondingSourceObject: {fileID: 0}
  m_PrefabInstance: {fileID: 0}
  m_PrefabAsset: {fileID: 0}
  m_GameObject: {fileID: 168984}
  m_LocalRotation: {x: 0.9994601, y: 0.032856565, z: 2.448004e-10, w: 0.000000007446558}
  m_LocalPosition: {x: -0.0020581807, y: 2.7755575e-19, z: 4.570054e-19}
  m_LocalScale: {x: 1, y: 1, z: 1}
  m_Children:
  - {fileID: 444422}
  m_Father: {fileID: 405010}
  m_RootOrder: 0
  m_LocalEulerAnglesHint: {x: 0, y: -180, z: 176.23419}
--- !u!1 &171638
GameObject:
  m_ObjectHideFlags: 0
  m_CorrespondingSourceObject: {fileID: 0}
  m_PrefabInstance: {fileID: 0}
  m_PrefabAsset: {fileID: 0}
  serializedVersion: 6
  m_Component:
  - component: {fileID: 476688}
  m_Layer: 0
  m_Name: Left_Thumb_Jnt_02
  m_TagString: Untagged
  m_Icon: {fileID: 0}
  m_NavMeshLayer: 0
  m_StaticEditorFlags: 0
  m_IsActive: 1
--- !u!4 &476688
Transform:
  m_ObjectHideFlags: 0
  m_CorrespondingSourceObject: {fileID: 0}
  m_PrefabInstance: {fileID: 0}
  m_PrefabAsset: {fileID: 0}
  m_GameObject: {fileID: 171638}
  m_LocalRotation: {x: 0, y: 0, z: 0.001837971, w: 0.99999833}
  m_LocalPosition: {x: -0.00016296191, y: -0.000011801618, z: 2.1191614e-12}
  m_LocalScale: {x: 1, y: 1, z: 1}
  m_Children: []
  m_Father: {fileID: 481368}
  m_RootOrder: 0
  m_LocalEulerAnglesHint: {x: 0, y: 0, z: 0.21059999}
--- !u!1 &175118
GameObject:
  m_ObjectHideFlags: 0
  m_CorrespondingSourceObject: {fileID: 0}
  m_PrefabInstance: {fileID: 0}
  m_PrefabAsset: {fileID: 0}
  serializedVersion: 6
  m_Component:
  - component: {fileID: 476720}
  m_Layer: 0
  m_Name: L_Ball_J
  m_TagString: Untagged
  m_Icon: {fileID: 0}
  m_NavMeshLayer: 0
  m_StaticEditorFlags: 0
  m_IsActive: 1
--- !u!4 &476720
Transform:
  m_ObjectHideFlags: 0
  m_CorrespondingSourceObject: {fileID: 0}
  m_PrefabInstance: {fileID: 0}
  m_PrefabAsset: {fileID: 0}
  m_GameObject: {fileID: 175118}
  m_LocalRotation: {x: -0.045008283, y: -0.0035319885, z: 0.015339738, w: 0.9988626}
  m_LocalPosition: {x: -0.0009034361, y: -0.00018047135, z: 0.000006245994}
  m_LocalScale: {x: 1, y: 1, z: 1}
  m_Children:
  - {fileID: 473706}
  m_Father: {fileID: 420066}
  m_RootOrder: 0
  m_LocalEulerAnglesHint: {x: -5.1524997, y: -0.4854, z: 1.7815}
--- !u!1 &177592
GameObject:
  m_ObjectHideFlags: 0
  m_CorrespondingSourceObject: {fileID: 0}
  m_PrefabInstance: {fileID: 0}
  m_PrefabAsset: {fileID: 0}
  serializedVersion: 6
  m_Component:
  - component: {fileID: 426930}
  m_Layer: 0
  m_Name: Right_Wrist_Jnt
  m_TagString: Untagged
  m_Icon: {fileID: 0}
  m_NavMeshLayer: 0
  m_StaticEditorFlags: 0
  m_IsActive: 1
--- !u!4 &426930
Transform:
  m_ObjectHideFlags: 0
  m_CorrespondingSourceObject: {fileID: 0}
  m_PrefabInstance: {fileID: 0}
  m_PrefabAsset: {fileID: 0}
  m_GameObject: {fileID: 177592}
  m_LocalRotation: {x: -0.0011858246, y: -0.046542063, z: 0.015684087, w: 0.9987925}
  m_LocalPosition: {x: 0.001610773, y: 0.000001062266, z: -0.0000052466853}
  m_LocalScale: {x: 1, y: 1, z: 1}
  m_Children:
  - {fileID: 495748}
  - {fileID: 495936}
  - {fileID: 462010}
  m_Father: {fileID: 417026}
  m_RootOrder: 0
  m_LocalEulerAnglesHint: {x: -0.0521, y: -5.3367, z: 1.8017}
--- !u!1 &182276
GameObject:
  m_ObjectHideFlags: 0
  m_CorrespondingSourceObject: {fileID: 0}
  m_PrefabInstance: {fileID: 0}
  m_PrefabAsset: {fileID: 0}
  serializedVersion: 6
  m_Component:
  - component: {fileID: 477098}
  m_Layer: 0
  m_Name: Right_Clavicle_Jnt
  m_TagString: Untagged
  m_Icon: {fileID: 0}
  m_NavMeshLayer: 0
  m_StaticEditorFlags: 0
  m_IsActive: 1
--- !u!4 &477098
Transform:
  m_ObjectHideFlags: 0
  m_CorrespondingSourceObject: {fileID: 0}
  m_PrefabInstance: {fileID: 0}
  m_PrefabAsset: {fileID: 0}
  m_GameObject: {fileID: 182276}
  m_LocalRotation: {x: -0.41566804, y: -0.5677006, z: 0.5818542, w: -0.4078992}
  m_LocalPosition: {x: -0.00083282223, y: -0.000058432666, z: -0.00039268052}
  m_LocalScale: {x: 1, y: 1, z: 1}
  m_Children:
  - {fileID: 470512}
  m_Father: {fileID: 418472}
  m_RootOrder: 3
  m_LocalEulerAnglesHint: {x: 88.691795, y: -64.3808, z: -173.1435}
--- !u!1 &184608
GameObject:
  m_ObjectHideFlags: 0
  m_CorrespondingSourceObject: {fileID: 0}
  m_PrefabInstance: {fileID: 0}
  m_PrefabAsset: {fileID: 0}
  serializedVersion: 6
  m_Component:
  - component: {fileID: 462010}
  m_Layer: 0
  m_Name: Right_Thumb_Jnt_01
  m_TagString: Untagged
  m_Icon: {fileID: 0}
  m_NavMeshLayer: 0
  m_StaticEditorFlags: 0
  m_IsActive: 1
--- !u!4 &462010
Transform:
  m_ObjectHideFlags: 0
  m_CorrespondingSourceObject: {fileID: 0}
  m_PrefabInstance: {fileID: 0}
  m_PrefabAsset: {fileID: 0}
  m_GameObject: {fileID: 184608}
  m_LocalRotation: {x: 0.7231073, y: 0.3863909, z: -0.16493914, w: 0.5482819}
  m_LocalPosition: {x: 0.0003181006, y: 0.000163655, z: -0.0003174899}
  m_LocalScale: {x: 1, y: 1, z: 1}
  m_Children:
  - {fileID: 441278}
  m_Father: {fileID: 426930}
  m_RootOrder: 2
  m_LocalEulerAnglesHint: {x: 66.9839, y: 151.733, z: 104.845695}
--- !u!1 &188454
GameObject:
  m_ObjectHideFlags: 0
  m_CorrespondingSourceObject: {fileID: 0}
  m_PrefabInstance: {fileID: 0}
  m_PrefabAsset: {fileID: 0}
  serializedVersion: 6
  m_Component:
  - component: {fileID: 429200}
  - component: {fileID: 9509546}
  m_Layer: 0
  m_Name: BoxingDemo
  m_TagString: Untagged
  m_Icon: {fileID: 0}
  m_NavMeshLayer: 0
  m_StaticEditorFlags: 0
  m_IsActive: 1
--- !u!4 &429200
Transform:
  m_ObjectHideFlags: 0
  m_CorrespondingSourceObject: {fileID: 0}
  m_PrefabInstance: {fileID: 0}
  m_PrefabAsset: {fileID: 0}
  m_GameObject: {fileID: 188454}
  m_LocalRotation: {x: 0, y: 0, z: 0, w: 1}
  m_LocalPosition: {x: 0, y: 0, z: 0}
  m_LocalScale: {x: 100, y: 100, z: 100}
  m_Children:
  - {fileID: 418486}
  - {fileID: 401562}
  m_Father: {fileID: 0}
  m_RootOrder: 0
  m_LocalEulerAnglesHint: {x: 0, y: 0, z: 0}
--- !u!95 &9509546
Animator:
  serializedVersion: 3
  m_ObjectHideFlags: 0
  m_CorrespondingSourceObject: {fileID: 0}
  m_PrefabInstance: {fileID: 0}
  m_PrefabAsset: {fileID: 0}
  m_GameObject: {fileID: 188454}
  m_Enabled: 1
  m_Avatar: {fileID: 9000000, guid: 62dc50df24d5be346ae04e129d3dea76, type: 3}
  m_Controller: {fileID: 9100000, guid: 85ebb6b16d268db45a5e40fbc009a353, type: 2}
  m_CullingMode: 1
  m_UpdateMode: 0
  m_ApplyRootMotion: 0
  m_LinearVelocityBlending: 0
  m_WarningMessage: 
  m_HasTransformHierarchy: 1
  m_AllowConstantClipSamplingOptimization: 1
  m_KeepAnimatorControllerStateOnDisable: 0
--- !u!1 &188498
GameObject:
  m_ObjectHideFlags: 0
  m_CorrespondingSourceObject: {fileID: 0}
  m_PrefabInstance: {fileID: 0}
  m_PrefabAsset: {fileID: 0}
  serializedVersion: 6
  m_Component:
  - component: {fileID: 466978}
  m_Layer: 0
  m_Name: Left_Elbow_Jnt
  m_TagString: Untagged
  m_Icon: {fileID: 0}
  m_NavMeshLayer: 0
  m_StaticEditorFlags: 0
  m_IsActive: 1
--- !u!4 &466978
Transform:
  m_ObjectHideFlags: 0
  m_CorrespondingSourceObject: {fileID: 0}
  m_PrefabInstance: {fileID: 0}
  m_PrefabAsset: {fileID: 0}
  m_GameObject: {fileID: 188498}
  m_LocalRotation: {x: -0.10700213, y: 0.034740575, z: 0.00079466123, w: 0.9936514}
  m_LocalPosition: {x: -0.0014396243, y: -0.0000017268158, z: -0.000005213344}
  m_LocalScale: {x: 1, y: 1, z: 1}
  m_Children:
  - {fileID: 442548}
  m_Father: {fileID: 454022}
  m_RootOrder: 0
  m_LocalEulerAnglesHint: {x: -12.2807, y: 4.0417, z: -0.3434}
--- !u!1 &189688
GameObject:
  m_ObjectHideFlags: 0
  m_CorrespondingSourceObject: {fileID: 0}
  m_PrefabInstance: {fileID: 0}
  m_PrefabAsset: {fileID: 0}
  serializedVersion: 6
  m_Component:
  - component: {fileID: 471288}
  m_Layer: 0
  m_Name: stick
  m_TagString: Untagged
  m_Icon: {fileID: 0}
  m_NavMeshLayer: 0
  m_StaticEditorFlags: 0
  m_IsActive: 1
--- !u!4 &471288
Transform:
  m_ObjectHideFlags: 0
  m_CorrespondingSourceObject: {fileID: 0}
  m_PrefabInstance: {fileID: 0}
  m_PrefabAsset: {fileID: 0}
  m_GameObject: {fileID: 189688}
  m_LocalRotation: {x: 0.0004801586, y: 0.0229162, z: -0.020462492, w: 0.9995279}
  m_LocalPosition: {x: 0.0019515292, y: -0.0034846766, z: 0.00033098916}
  m_LocalScale: {x: 1, y: 1, z: 1}
  m_Children: []
  m_Father: {fileID: 442548}
  m_RootOrder: 3
  m_LocalEulerAnglesHint: {x: 0.1087, y: 2.6246, z: -2.3430998}
--- !u!1 &189726
GameObject:
  m_ObjectHideFlags: 0
  m_CorrespondingSourceObject: {fileID: 0}
  m_PrefabInstance: {fileID: 0}
  m_PrefabAsset: {fileID: 0}
  serializedVersion: 6
  m_Component:
  - component: {fileID: 470512}
  m_Layer: 0
  m_Name: Right_Shoulder_Jnt
  m_TagString: Untagged
  m_Icon: {fileID: 0}
  m_NavMeshLayer: 0
  m_StaticEditorFlags: 0
  m_IsActive: 1
--- !u!4 &470512
Transform:
  m_ObjectHideFlags: 0
  m_CorrespondingSourceObject: {fileID: 0}
  m_PrefabInstance: {fileID: 0}
  m_PrefabAsset: {fileID: 0}
  m_GameObject: {fileID: 189726}
  m_LocalRotation: {x: 0.106750436, y: 0.011732403, z: 0.16287805, w: 0.9807841}
  m_LocalPosition: {x: 0.0005285976, y: 0.0000000017439432, z: -1.6894278e-11}
  m_LocalScale: {x: 1, y: 1, z: 1}
  m_Children:
  - {fileID: 417026}
  m_Father: {fileID: 477098}
  m_RootOrder: 0
  m_LocalEulerAnglesHint: {x: 11.863199, y: 3.3853, z: 19.2099}
--- !u!1 &190874
GameObject:
  m_ObjectHideFlags: 0
  m_CorrespondingSourceObject: {fileID: 0}
  m_PrefabInstance: {fileID: 0}
  m_PrefabAsset: {fileID: 0}
  serializedVersion: 6
  m_Component:
  - component: {fileID: 435158}
  m_Layer: 0
  m_Name: Pelvis_Jnt
  m_TagString: Untagged
  m_Icon: {fileID: 0}
  m_NavMeshLayer: 0
  m_StaticEditorFlags: 0
  m_IsActive: 1
--- !u!4 &435158
Transform:
  m_ObjectHideFlags: 0
  m_CorrespondingSourceObject: {fileID: 0}
  m_PrefabInstance: {fileID: 0}
  m_PrefabAsset: {fileID: 0}
  m_GameObject: {fileID: 190874}
  m_LocalRotation: {x: 0.0044154446, y: 0.010806454, z: 0.3782124, w: 0.92564523}
  m_LocalPosition: {x: 2.879912e-22, y: 0, z: 7.112366e-19}
  m_LocalScale: {x: 1, y: 1, z: 1}
  m_Children:
  - {fileID: 473586}
  - {fileID: 411466}
  m_Father: {fileID: 401562}
  m_RootOrder: 0
  m_LocalEulerAnglesHint: {x: 0, y: 1.3377, z: 44.4492}
--- !u!1 &191250
GameObject:
  m_ObjectHideFlags: 0
  m_CorrespondingSourceObject: {fileID: 0}
  m_PrefabInstance: {fileID: 0}
  m_PrefabAsset: {fileID: 0}
  serializedVersion: 6
  m_Component:
  - component: {fileID: 478576}
  m_Layer: 0
  m_Name: R_Ankle_J
  m_TagString: Untagged
  m_Icon: {fileID: 0}
  m_NavMeshLayer: 0
  m_StaticEditorFlags: 0
  m_IsActive: 1
--- !u!4 &478576
Transform:
  m_ObjectHideFlags: 0
  m_CorrespondingSourceObject: {fileID: 0}
  m_PrefabInstance: {fileID: 0}
  m_PrefabAsset: {fileID: 0}
  m_GameObject: {fileID: 191250}
  m_LocalRotation: {x: 0.7983408, y: 0.601712, z: -0.016892068, w: 0.017592374}
  m_LocalPosition: {x: 0.00203486, y: -0.00014080161, z: 0.000005834159}
  m_LocalScale: {x: 1, y: 1, z: 1}
  m_Children:
  - {fileID: 454820}
  m_Father: {fileID: 466850}
  m_RootOrder: 0
  m_LocalEulerAnglesHint: {x: 2.7752, y: -179.6673, z: 105.9972}
--- !u!1 &191350
GameObject:
  m_ObjectHideFlags: 0
  m_CorrespondingSourceObject: {fileID: 0}
  m_PrefabInstance: {fileID: 0}
  m_PrefabAsset: {fileID: 0}
  serializedVersion: 6
  m_Component:
  - component: {fileID: 444422}
  m_Layer: 0
  m_Name: cloth03_J
  m_TagString: Untagged
  m_Icon: {fileID: 0}
  m_NavMeshLayer: 0
  m_StaticEditorFlags: 0
  m_IsActive: 1
--- !u!4 &444422
Transform:
  m_ObjectHideFlags: 0
  m_CorrespondingSourceObject: {fileID: 0}
  m_PrefabInstance: {fileID: 0}
  m_PrefabAsset: {fileID: 0}
  m_GameObject: {fileID: 191350}
  m_LocalRotation: {x: 2.0196363e-28, y: 1.8300018e-10, z: -0.012280941, w: 0.9999246}
  m_LocalPosition: {x: -0.002394441, y: 2.7755575e-19, z: -4.868755e-19}
  m_LocalScale: {x: 1, y: 1, z: 1}
  m_Children: []
  m_Father: {fileID: 431012}
  m_RootOrder: 0
  m_LocalEulerAnglesHint: {x: 0, y: 0, z: -1.4073}
--- !u!1 &191724
GameObject:
  m_ObjectHideFlags: 0
  m_CorrespondingSourceObject: {fileID: 0}
  m_PrefabInstance: {fileID: 0}
  m_PrefabAsset: {fileID: 0}
  serializedVersion: 6
  m_Component:
  - component: {fileID: 454820}
  m_Layer: 0
  m_Name: R_Ball_J
  m_TagString: Untagged
  m_Icon: {fileID: 0}
  m_NavMeshLayer: 0
  m_StaticEditorFlags: 0
  m_IsActive: 1
--- !u!4 &454820
Transform:
  m_ObjectHideFlags: 0
  m_CorrespondingSourceObject: {fileID: 0}
  m_PrefabInstance: {fileID: 0}
  m_PrefabAsset: {fileID: 0}
  m_GameObject: {fileID: 191724}
  m_LocalRotation: {x: -0.047797557, y: -0.009440074, z: -0.13371564, w: 0.98982143}
  m_LocalPosition: {x: 0.0009034368, y: 0.0001804711, z: -0.000006245349}
  m_LocalScale: {x: 1, y: 1, z: 1}
  m_Children:
  - {fileID: 478974}
  m_Father: {fileID: 478576}
  m_RootOrder: 0
  m_LocalEulerAnglesHint: {x: -5.5748997, y: -0.34, z: -15.3705}
--- !u!1 &192644
GameObject:
  m_ObjectHideFlags: 0
  m_CorrespondingSourceObject: {fileID: 0}
  m_PrefabInstance: {fileID: 0}
  m_PrefabAsset: {fileID: 0}
  serializedVersion: 6
  m_Component:
  - component: {fileID: 454022}
  m_Layer: 0
  m_Name: Left_Shoulder_Jnt
  m_TagString: Untagged
  m_Icon: {fileID: 0}
  m_NavMeshLayer: 0
  m_StaticEditorFlags: 0
  m_IsActive: 1
--- !u!4 &454022
Transform:
  m_ObjectHideFlags: 0
  m_CorrespondingSourceObject: {fileID: 0}
  m_PrefabInstance: {fileID: 0}
  m_PrefabAsset: {fileID: 0}
  m_GameObject: {fileID: 192644}
  m_LocalRotation: {x: 0.106750436, y: 0.011732403, z: 0.16287805, w: 0.9807841}
  m_LocalPosition: {x: -0.0005285986, y: 2.220446e-18, z: -1.2143064e-19}
  m_LocalScale: {x: 1, y: 1, z: 1}
  m_Children:
  - {fileID: 466978}
  m_Father: {fileID: 457870}
  m_RootOrder: 0
  m_LocalEulerAnglesHint: {x: 11.863199, y: 3.3853, z: 19.2099}
--- !u!1 &196140
GameObject:
  m_ObjectHideFlags: 0
  m_CorrespondingSourceObject: {fileID: 0}
  m_PrefabInstance: {fileID: 0}
  m_PrefabAsset: {fileID: 0}
  serializedVersion: 6
  m_Component:
  - component: {fileID: 418486}
  m_Layer: 0
  m_Name: Batch_07
  m_TagString: Untagged
  m_Icon: {fileID: 0}
  m_NavMeshLayer: 0
  m_StaticEditorFlags: 0
  m_IsActive: 1
--- !u!4 &418486
Transform:
  m_ObjectHideFlags: 0
  m_CorrespondingSourceObject: {fileID: 0}
  m_PrefabInstance: {fileID: 0}
  m_PrefabAsset: {fileID: 0}
  m_GameObject: {fileID: 196140}
  m_LocalRotation: {x: 0, y: 0, z: 0, w: 1}
  m_LocalPosition: {x: 0, y: 0.004386021, z: 0.0007313582}
  m_LocalScale: {x: 1, y: 1, z: 1}
  m_Children:
  - {fileID: 403456}
  m_Father: {fileID: 429200}
  m_RootOrder: 0
  m_LocalEulerAnglesHint: {x: 0, y: 0, z: 0}
--- !u!1 &199420
GameObject:
  m_ObjectHideFlags: 0
  m_CorrespondingSourceObject: {fileID: 0}
  m_PrefabInstance: {fileID: 0}
  m_PrefabAsset: {fileID: 0}
  serializedVersion: 6
  m_Component:
  - component: {fileID: 401562}
  m_Layer: 0
  m_Name: Root_Jnt
  m_TagString: Untagged
  m_Icon: {fileID: 0}
  m_NavMeshLayer: 0
  m_StaticEditorFlags: 0
  m_IsActive: 1
--- !u!4 &401562
Transform:
  m_ObjectHideFlags: 0
  m_CorrespondingSourceObject: {fileID: 0}
  m_PrefabInstance: {fileID: 0}
  m_PrefabAsset: {fileID: 0}
  m_GameObject: {fileID: 199420}
  m_LocalRotation: {x: 0, y: 0, z: 0, w: 1}
  m_LocalPosition: {x: 0.00000006797252, y: 0.004908616, z: 0.000042676034}
  m_LocalScale: {x: 1, y: 1, z: 1}
  m_Children:
  - {fileID: 435158}
  - {fileID: 485824}
  m_Father: {fileID: 429200}
  m_RootOrder: 1
  m_LocalEulerAnglesHint: {x: 0, y: 0, z: 0}
