%YAML 1.1
%TAG !u! tag:unity3d.com,2011:
--- !u!1 &101358
GameObject:
  m_ObjectHideFlags: 0
  m_CorrespondingSourceObject: {fileID: 0}
  m_PrefabInstance: {fileID: 0}
  m_PrefabAsset: {fileID: 0}
  serializedVersion: 6
  m_Component:
  - component: {fileID: 447364}
  m_Layer: 0
  m_Name: Spine_02_J
  m_TagString: Untagged
  m_Icon: {fileID: 0}
  m_NavMeshLayer: 0
  m_StaticEditorFlags: 0
  m_IsActive: 1
--- !u!4 &447364
Transform:
  m_ObjectHideFlags: 0
  m_CorrespondingSourceObject: {fileID: 0}
  m_PrefabInstance: {fileID: 0}
  m_PrefabAsset: {fileID: 0}
  m_GameObject: {fileID: 101358}
  m_LocalRotation: {x: -3.319997e-23, y: 0.00000057510715, z: 0.08234089, w: 0.99660426}
  m_LocalPosition: {x: -0.0010703172, y: 1.0755286e-18, z: 5.920125e-20}
  m_LocalScale: {x: 1, y: 1, z: 1}
  m_Children:
  - {fileID: 423482}
  - {fileID: 417546}
  - {fileID: 445426}
  m_Father: {fileID: 464922}
  m_RootOrder: 0
  m_LocalEulerAnglesHint: {x: 0, y: 0.0001, z: 9.4463}
--- !u!1 &102640
GameObject:
  m_ObjectHideFlags: 0
  m_CorrespondingSourceObject: {fileID: 0}
  m_PrefabInstance: {fileID: 0}
  m_PrefabAsset: {fileID: 0}
  serializedVersion: 6
  m_Component:
  - component: {fileID: 411638}
  m_Layer: 0
  m_Name: R_Ball_J
  m_TagString: Untagged
  m_Icon: {fileID: 0}
  m_NavMeshLayer: 0
  m_StaticEditorFlags: 0
  m_IsActive: 1
--- !u!4 &411638
Transform:
  m_ObjectHideFlags: 0
  m_CorrespondingSourceObject: {fileID: 0}
  m_PrefabInstance: {fileID: 0}
  m_PrefabAsset: {fileID: 0}
  m_GameObject: {fileID: 102640}
  m_LocalRotation: {x: -0.045846537, y: -0.006933298, z: -0.1336866, w: 0.9899384}
  m_LocalPosition: {x: 0.00084079383, y: 0.0000739687, z: -0.0000034408342}
  m_LocalScale: {x: 1, y: 1, z: 1}
  m_Children:
  - {fileID: 431882}
  m_Father: {fileID: 426646}
  m_RootOrder: 0
  m_LocalEulerAnglesHint: {x: -5.3146, y: -0.0845, z: -15.378099}
--- !u!1 &102774
GameObject:
  m_ObjectHideFlags: 0
  m_CorrespondingSourceObject: {fileID: 0}
  m_PrefabInstance: {fileID: 0}
  m_PrefabAsset: {fileID: 0}
  serializedVersion: 6
  m_Component:
  - component: {fileID: 483084}
  m_Layer: 0
  m_Name: R_Knee_J
  m_TagString: Untagged
  m_Icon: {fileID: 0}
  m_NavMeshLayer: 0
  m_StaticEditorFlags: 0
  m_IsActive: 1
--- !u!4 &483084
Transform:
  m_ObjectHideFlags: 0
  m_CorrespondingSourceObject: {fileID: 0}
  m_PrefabInstance: {fileID: 0}
  m_PrefabAsset: {fileID: 0}
  m_GameObject: {fileID: 102774}
  m_LocalRotation: {x: 0.026568983, y: 0.03677928, z: 0.6925334, w: 0.71995765}
  m_LocalPosition: {x: -0.000081464765, y: 0.0016421255, z: -0.0000012838458}
  m_LocalScale: {x: 1, y: 1, z: 1}
  m_Children:
  - {fileID: 426646}
  m_Father: {fileID: 496028}
  m_RootOrder: 0
  m_LocalEulerAnglesHint: {x: -0.72679996, y: 5.1500998, z: 87.7427}
--- !u!1 &112444
GameObject:
  m_ObjectHideFlags: 0
  m_CorrespondingSourceObject: {fileID: 0}
  m_PrefabInstance: {fileID: 0}
  m_PrefabAsset: {fileID: 0}
  serializedVersion: 6
  m_Component:
  - component: {fileID: 423172}
  m_Layer: 0
  m_Name: Right_Fingers_Jnt_01
  m_TagString: Untagged
  m_Icon: {fileID: 0}
  m_NavMeshLayer: 0
  m_StaticEditorFlags: 0
  m_IsActive: 1
--- !u!4 &423172
Transform:
  m_ObjectHideFlags: 0
  m_CorrespondingSourceObject: {fileID: 0}
  m_PrefabInstance: {fileID: 0}
  m_PrefabAsset: {fileID: 0}
  m_GameObject: {fileID: 112444}
  m_LocalRotation: {x: -0.01757569, y: 0.018807063, z: -0.017320028, w: 0.9995186}
  m_LocalPosition: {x: 0.0004948236, y: -0.000011693455, z: -0.00008077727}
  m_LocalScale: {x: 1, y: 1, z: 1}
  m_Children:
  - {fileID: 469152}
  m_Father: {fileID: 457482}
  m_RootOrder: 1
  m_LocalEulerAnglesHint: {x: -1.9761, y: 2.1908, z: -2.0233}
--- !u!1 &114248
GameObject:
  m_ObjectHideFlags: 0
  m_CorrespondingSourceObject: {fileID: 0}
  m_PrefabInstance: {fileID: 0}
  m_PrefabAsset: {fileID: 0}
  serializedVersion: 6
  m_Component:
  - component: {fileID: 431882}
  m_Layer: 0
  m_Name: R_Toe_J
  m_TagString: Untagged
  m_Icon: {fileID: 0}
  m_NavMeshLayer: 0
  m_StaticEditorFlags: 0
  m_IsActive: 1
--- !u!4 &431882
Transform:
  m_ObjectHideFlags: 0
  m_CorrespondingSourceObject: {fileID: 0}
  m_PrefabInstance: {fileID: 0}
  m_PrefabAsset: {fileID: 0}
  m_GameObject: {fileID: 114248}
  m_LocalRotation: {x: 0.03723588, y: 0.035286535, z: 0.04219705, w: 0.99779147}
  m_LocalPosition: {x: 0.00036068956, y: -0.000037137295, z: -0.000011334092}
  m_LocalScale: {x: 1, y: 1, z: 1}
  m_Children: []
  m_Father: {fileID: 411638}
  m_RootOrder: 0
  m_LocalEulerAnglesHint: {x: 4.0903, y: 4.2293, z: 4.9943}
--- !u!1 &115166
GameObject:
  m_ObjectHideFlags: 0
  m_CorrespondingSourceObject: {fileID: 0}
  m_PrefabInstance: {fileID: 0}
  m_PrefabAsset: {fileID: 0}
  serializedVersion: 6
  m_Component:
  - component: {fileID: 445068}
  m_Layer: 0
  m_Name: Pelvis_Jnt
  m_TagString: Untagged
  m_Icon: {fileID: 0}
  m_NavMeshLayer: 0
  m_StaticEditorFlags: 0
  m_IsActive: 1
--- !u!4 &445068
Transform:
  m_ObjectHideFlags: 0
  m_CorrespondingSourceObject: {fileID: 0}
  m_PrefabInstance: {fileID: 0}
  m_PrefabAsset: {fileID: 0}
  m_GameObject: {fileID: 115166}
  m_LocalRotation: {x: 0.0044154446, y: 0.010806454, z: 0.3782124, w: 0.92564523}
  m_LocalPosition: {x: 2.7105054e-22, y: 0, z: 6.678685e-19}
  m_LocalScale: {x: 1, y: 1, z: 1}
  m_Children:
  - {fileID: 410662}
  - {fileID: 496028}
  m_Father: {fileID: 412528}
  m_RootOrder: 0
  m_LocalEulerAnglesHint: {x: 0, y: 1.3377, z: 44.4492}
--- !u!1 &116500
GameObject:
  m_ObjectHideFlags: 0
  m_CorrespondingSourceObject: {fileID: 0}
  m_PrefabInstance: {fileID: 0}
  m_PrefabAsset: {fileID: 0}
  serializedVersion: 6
  m_Component:
  - component: {fileID: 464922}
  m_Layer: 0
  m_Name: Spine_01_J
  m_TagString: Untagged
  m_Icon: {fileID: 0}
  m_NavMeshLayer: 0
  m_StaticEditorFlags: 0
  m_IsActive: 1
--- !u!4 &464922
Transform:
  m_ObjectHideFlags: 0
  m_CorrespondingSourceObject: {fileID: 0}
  m_PrefabInstance: {fileID: 0}
  m_PrefabAsset: {fileID: 0}
  m_GameObject: {fileID: 116500}
  m_LocalRotation: {x: 0.49880877, y: -0.5011936, z: -0.4988036, w: 0.5011884}
  m_LocalPosition: {x: -0.00000006192018, y: 0.000488558, z: 0.00005259157}
  m_LocalScale: {x: 1, y: 1, z: 1}
  m_Children:
  - {fileID: 447364}
  m_Father: {fileID: 412528}
  m_RootOrder: 1
  m_LocalEulerAnglesHint: {x: 0, y: -90.000595, z: -89.7267}
--- !u!1 &121116
GameObject:
  m_ObjectHideFlags: 0
  m_CorrespondingSourceObject: {fileID: 0}
  m_PrefabInstance: {fileID: 0}
  m_PrefabAsset: {fileID: 0}
  serializedVersion: 6
  m_Component:
  - component: {fileID: 496146}
  m_Layer: 0
  m_Name: Left_Shoulder_Jnt
  m_TagString: Untagged
  m_Icon: {fileID: 0}
  m_NavMeshLayer: 0
  m_StaticEditorFlags: 0
  m_IsActive: 1
--- !u!4 &496146
Transform:
  m_ObjectHideFlags: 0
  m_CorrespondingSourceObject: {fileID: 0}
  m_PrefabInstance: {fileID: 0}
  m_PrefabAsset: {fileID: 0}
  m_GameObject: {fileID: 121116}
  m_LocalRotation: {x: -0.044261288, y: -0.014842897, z: 0.15043809, w: 0.98751664}
  m_LocalPosition: {x: -0.0005438885, y: 1.110223e-18, z: -6.938894e-20}
  m_LocalScale: {x: 1, y: 1, z: 1}
  m_Children:
  - {fileID: 433076}
  m_Father: {fileID: 417546}
  m_RootOrder: 0
  m_LocalEulerAnglesHint: {x: -4.7581997, y: -2.4517999, z: 17.425499}
--- !u!1 &124762
GameObject:
  m_ObjectHideFlags: 0
  m_CorrespondingSourceObject: {fileID: 0}
  m_PrefabInstance: {fileID: 0}
  m_PrefabAsset: {fileID: 0}
  serializedVersion: 6
  m_Component:
  - component: {fileID: 457618}
  m_Layer: 0
  m_Name: L_Ball_J
  m_TagString: Untagged
  m_Icon: {fileID: 0}
  m_NavMeshLayer: 0
  m_StaticEditorFlags: 0
  m_IsActive: 1
--- !u!4 &457618
Transform:
  m_ObjectHideFlags: 0
  m_CorrespondingSourceObject: {fileID: 0}
  m_PrefabInstance: {fileID: 0}
  m_PrefabAsset: {fileID: 0}
  m_GameObject: {fileID: 124762}
  m_LocalRotation: {x: -0.042390518, y: -0.0015325047, z: 0.015369973, w: 0.9989817}
  m_LocalPosition: {x: -0.0008407936, y: -0.00007396898, z: 0.0000034411144}
  m_LocalScale: {x: 1, y: 1, z: 1}
  m_Children:
  - {fileID: 443218}
  m_Father: {fileID: 466850}
  m_RootOrder: 0
  m_LocalEulerAnglesHint: {x: -4.8557997, y: -0.251, z: 1.7736}
--- !u!1 &128742
GameObject:
  m_ObjectHideFlags: 0
  m_CorrespondingSourceObject: {fileID: 0}
  m_PrefabInstance: {fileID: 0}
  m_PrefabAsset: {fileID: 0}
  serializedVersion: 6
  m_Component:
  - component: {fileID: 417546}
  m_Layer: 0
  m_Name: Left_Clavicle_Jnt
  m_TagString: Untagged
  m_Icon: {fileID: 0}
  m_NavMeshLayer: 0
  m_StaticEditorFlags: 0
  m_IsActive: 1
--- !u!4 &417546
Transform:
  m_ObjectHideFlags: 0
  m_CorrespondingSourceObject: {fileID: 0}
  m_PrefabInstance: {fileID: 0}
  m_PrefabAsset: {fileID: 0}
  m_GameObject: {fileID: 128742}
  m_LocalRotation: {x: -0.5289698, y: 0.46445107, z: 0.3717944, w: 0.60518193}
  m_LocalPosition: {x: -0.00081670564, y: -0.00016063468, z: 0.00037054738}
  m_LocalScale: {x: 1, y: 1, z: 1}
  m_Children:
  - {fileID: 496146}
  m_Father: {fileID: 447364}
  m_RootOrder: 1
  m_LocalEulerAnglesHint: {x: -80.2671, y: 86.9645, z: -14.159499}
--- !u!1 &130830
GameObject:
  m_ObjectHideFlags: 0
  m_CorrespondingSourceObject: {fileID: 0}
  m_PrefabInstance: {fileID: 0}
  m_PrefabAsset: {fileID: 0}
  serializedVersion: 6
  m_Component:
  - component: {fileID: 468330}
  m_Layer: 0
  m_Name: Left_Wrist_Jnt
  m_TagString: Untagged
  m_Icon: {fileID: 0}
  m_NavMeshLayer: 0
  m_StaticEditorFlags: 0
  m_IsActive: 1
--- !u!4 &468330
Transform:
  m_ObjectHideFlags: 0
  m_CorrespondingSourceObject: {fileID: 0}
  m_PrefabInstance: {fileID: 0}
  m_PrefabAsset: {fileID: 0}
  m_GameObject: {fileID: 130830}
  m_LocalRotation: {x: 0.044798225, y: -0.04729211, z: 0.014516805, w: 0.9977705}
  m_LocalPosition: {x: -0.0015366907, y: -0.0000008391326, z: 0.0000021434387}
  m_LocalScale: {x: 1, y: 1, z: 1}
  m_Children:
  - {fileID: 472682}
  - {fileID: 419624}
  - {fileID: 423726}
  m_Father: {fileID: 433076}
  m_RootOrder: 0
  m_LocalEulerAnglesHint: {x: 5.2079, y: -5.3626, z: 1.423}
--- !u!1 &131466
GameObject:
  m_ObjectHideFlags: 0
  m_CorrespondingSourceObject: {fileID: 0}
  m_PrefabInstance: {fileID: 0}
  m_PrefabAsset: {fileID: 0}
  serializedVersion: 6
  m_Component:
  - component: {fileID: 412528}
  m_Layer: 0
  m_Name: Root_Jnt
  m_TagString: Untagged
  m_Icon: {fileID: 0}
  m_NavMeshLayer: 0
  m_StaticEditorFlags: 0
  m_IsActive: 1
--- !u!4 &412528
Transform:
  m_ObjectHideFlags: 0
  m_CorrespondingSourceObject: {fileID: 0}
  m_PrefabInstance: {fileID: 0}
  m_PrefabAsset: {fileID: 0}
  m_GameObject: {fileID: 131466}
  m_LocalRotation: {x: 0, y: 0, z: 0, w: 1}
  m_LocalPosition: {x: 0.00000006414084, y: 0.0044315653, z: 0.00004027034}
  m_LocalScale: {x: 1, y: 1, z: 1}
  m_Children:
  - {fileID: 445068}
  - {fileID: 464922}
  m_Father: {fileID: 448260}
  m_RootOrder: 1
  m_LocalEulerAnglesHint: {x: 0, y: 0, z: 0}
--- !u!1 &133622
GameObject:
  m_ObjectHideFlags: 0
  m_CorrespondingSourceObject: {fileID: 0}
  m_PrefabInstance: {fileID: 0}
  m_PrefabAsset: {fileID: 0}
  serializedVersion: 6
  m_Component:
  - component: {fileID: 433076}
  m_Layer: 0
  m_Name: Left_Elbow_Jnt
  m_TagString: Untagged
  m_Icon: {fileID: 0}
  m_NavMeshLayer: 0
  m_StaticEditorFlags: 0
  m_IsActive: 1
--- !u!4 &433076
Transform:
  m_ObjectHideFlags: 0
  m_CorrespondingSourceObject: {fileID: 0}
  m_PrefabInstance: {fileID: 0}
  m_PrefabAsset: {fileID: 0}
  m_GameObject: {fileID: 133622}
  m_LocalRotation: {x: 0.00016432907, y: 0.013920913, z: 0.0021509933, w: 0.9999008}
  m_LocalPosition: {x: -0.0013845175, y: -0.000000025762875, z: -0.000026510346}
  m_LocalScale: {x: 1, y: 1, z: 1}
  m_Children:
  - {fileID: 468330}
  m_Father: {fileID: 496146}
  m_RootOrder: 0
  m_LocalEulerAnglesHint: {x: 0.0154, y: 1.5953, z: 0.24669999}
--- !u!1 &137222
GameObject:
  m_ObjectHideFlags: 0
  m_CorrespondingSourceObject: {fileID: 0}
  m_PrefabInstance: {fileID: 0}
  m_PrefabAsset: {fileID: 0}
  serializedVersion: 6
  m_Component:
  - component: {fileID: 457482}
  m_Layer: 0
  m_Name: Right_Wrist_Jnt
  m_TagString: Untagged
  m_Icon: {fileID: 0}
  m_NavMeshLayer: 0
  m_StaticEditorFlags: 0
  m_IsActive: 1
--- !u!4 &457482
Transform:
  m_ObjectHideFlags: 0
  m_CorrespondingSourceObject: {fileID: 0}
  m_PrefabInstance: {fileID: 0}
  m_PrefabAsset: {fileID: 0}
  m_GameObject: {fileID: 137222}
  m_LocalRotation: {x: 0.044559963, y: -0.04728831, z: 0.014522959, w: 0.9977812}
  m_LocalPosition: {x: 0.0015366895, y: 0.0000008322062, z: -0.000002142985}
  m_LocalScale: {x: 1, y: 1, z: 1}
  m_Children:
  - {fileID: 473218}
  - {fileID: 423172}
  - {fileID: 420868}
  m_Father: {fileID: 437570}
  m_RootOrder: 0
  m_LocalEulerAnglesHint: {x: 5.1805997, y: -5.3624, z: 1.425}
--- !u!1 &137768
GameObject:
  m_ObjectHideFlags: 0
  m_CorrespondingSourceObject: {fileID: 0}
  m_PrefabInstance: {fileID: 0}
  m_PrefabAsset: {fileID: 0}
  serializedVersion: 6
  m_Component:
  - component: {fileID: 437570}
  m_Layer: 0
  m_Name: Right_Elbow_Jnt
  m_TagString: Untagged
  m_Icon: {fileID: 0}
  m_NavMeshLayer: 0
  m_StaticEditorFlags: 0
  m_IsActive: 1
--- !u!4 &437570
Transform:
  m_ObjectHideFlags: 0
  m_CorrespondingSourceObject: {fileID: 0}
  m_PrefabInstance: {fileID: 0}
  m_PrefabAsset: {fileID: 0}
  m_GameObject: {fileID: 137768}
  m_LocalRotation: {x: 0.00016417462, y: 0.0139204515, z: 0.0021500248, w: 0.9999008}
  m_LocalPosition: {x: 0.0013845222, y: 0.000000026359375, z: 0.000026510717}
  m_LocalScale: {x: 1, y: 1, z: 1}
  m_Children:
  - {fileID: 457482}
  m_Father: {fileID: 411398}
  m_RootOrder: 0
  m_LocalEulerAnglesHint: {x: 0.0154, y: 1.5953, z: 0.24659999}
--- !u!1 &142338
GameObject:
  m_ObjectHideFlags: 0
  m_CorrespondingSourceObject: {fileID: 0}
  m_PrefabInstance: {fileID: 0}
  m_PrefabAsset: {fileID: 0}
  serializedVersion: 6
  m_Component:
  - component: {fileID: 439276}
  m_Layer: 0
  m_Name: Right_Thumb_Jnt_02
  m_TagString: Untagged
  m_Icon: {fileID: 0}
  m_NavMeshLayer: 0
  m_StaticEditorFlags: 0
  m_IsActive: 1
--- !u!4 &439276
Transform:
  m_ObjectHideFlags: 0
  m_CorrespondingSourceObject: {fileID: 0}
  m_PrefabInstance: {fileID: 0}
  m_PrefabAsset: {fileID: 0}
  m_GameObject: {fileID: 142338}
  m_LocalRotation: {x: 0.7437731, y: 0.025162034, z: -0.022584291, w: 0.6675765}
  m_LocalPosition: {x: 0.00015641697, y: -0.0000000028282585, z: 0.0000000023172668}
  m_LocalScale: {x: 1, y: 1, z: 1}
  m_Children: []
  m_Father: {fileID: 420868}
  m_RootOrder: 0
  m_LocalEulerAnglesHint: {x: 83.8194, y: -180, z: 176.1248}
--- !u!1 &142340
GameObject:
  m_ObjectHideFlags: 0
  m_CorrespondingSourceObject: {fileID: 0}
  m_PrefabInstance: {fileID: 0}
  m_PrefabAsset: {fileID: 0}
  serializedVersion: 6
  m_Component:
  - component: {fileID: 472682}
  m_Layer: 0
  m_Name: Extra_J
  m_TagString: Untagged
  m_Icon: {fileID: 0}
  m_NavMeshLayer: 0
  m_StaticEditorFlags: 0
  m_IsActive: 1
--- !u!4 &472682
Transform:
  m_ObjectHideFlags: 0
  m_CorrespondingSourceObject: {fileID: 0}
  m_PrefabInstance: {fileID: 0}
  m_PrefabAsset: {fileID: 0}
  m_GameObject: {fileID: 142340}
  m_LocalRotation: {x: 0.00085542153, y: 0.04500166, z: -0.019405862, w: 0.9987981}
  m_LocalPosition: {x: -0.0004807948, y: -0.0003052175, z: 0.000075054755}
  m_LocalScale: {x: 1, y: 1, z: 1}
  m_Children: []
  m_Father: {fileID: 468330}
  m_RootOrder: 0
  m_LocalEulerAnglesHint: {x: 0.198, y: 5.1556997, z: -2.2173}
--- !u!1 &143592
GameObject:
  m_ObjectHideFlags: 0
  m_CorrespondingSourceObject: {fileID: 0}
  m_PrefabInstance: {fileID: 0}
  m_PrefabAsset: {fileID: 0}
  serializedVersion: 6
  m_Component:
  - component: {fileID: 426646}
  m_Layer: 0
  m_Name: R_Ankle_J
  m_TagString: Untagged
  m_Icon: {fileID: 0}
  m_NavMeshLayer: 0
  m_StaticEditorFlags: 0
  m_IsActive: 1
--- !u!4 &426646
Transform:
  m_ObjectHideFlags: 0
  m_CorrespondingSourceObject: {fileID: 0}
  m_PrefabInstance: {fileID: 0}
  m_PrefabAsset: {fileID: 0}
  m_GameObject: {fileID: 143592}
  m_LocalRotation: {x: 0.79845995, y: 0.60203254, z: 0.0021210539, w: 0.0037392522}
  m_LocalPosition: {x: 0.0020262923, y: -0.00015337324, z: 0.000008482572}
  m_LocalScale: {x: 1, y: 1, z: 1}
  m_Children:
  - {fileID: 411638}
  m_Father: {fileID: 483084}
  m_RootOrder: 0
  m_LocalEulerAnglesHint: {x: 0.19579999, y: 179.54799, z: 105.96719}
--- !u!1 &145506
GameObject:
  m_ObjectHideFlags: 0
  m_CorrespondingSourceObject: {fileID: 0}
  m_PrefabInstance: {fileID: 0}
  m_PrefabAsset: {fileID: 0}
  serializedVersion: 6
  m_Component:
  - component: {fileID: 466850}
  m_Layer: 0
  m_Name: L_Ankle_J
  m_TagString: Untagged
  m_Icon: {fileID: 0}
  m_NavMeshLayer: 0
  m_StaticEditorFlags: 0
  m_IsActive: 1
--- !u!4 &466850
Transform:
  m_ObjectHideFlags: 0
  m_CorrespondingSourceObject: {fileID: 0}
  m_PrefabInstance: {fileID: 0}
  m_PrefabAsset: {fileID: 0}
  m_GameObject: {fileID: 145506}
  m_LocalRotation: {x: 0.7984599, y: 0.6020331, z: 0.0027959135, w: 0.0032083022}
  m_LocalPosition: {x: -0.0020262965, y: 0.00015337294, z: -0.00000848232}
  m_LocalScale: {x: 1, y: 1, z: 1}
  m_Children:
  - {fileID: 457618}
  m_Father: {fileID: 420298}
  m_RootOrder: 0
  m_LocalEulerAnglesHint: {x: 0.1007, y: 179.5228, z: 105.9675}
--- !u!1 &147836
GameObject:
  m_ObjectHideFlags: 0
  m_CorrespondingSourceObject: {fileID: 0}
  m_PrefabInstance: {fileID: 0}
  m_PrefabAsset: {fileID: 0}
  serializedVersion: 6
  m_Component:
  - component: {fileID: 420298}
  m_Layer: 0
  m_Name: L_Knee_J
  m_TagString: Untagged
  m_Icon: {fileID: 0}
  m_NavMeshLayer: 0
  m_StaticEditorFlags: 0
  m_IsActive: 1
--- !u!4 &420298
Transform:
  m_ObjectHideFlags: 0
  m_CorrespondingSourceObject: {fileID: 0}
  m_PrefabInstance: {fileID: 0}
  m_PrefabAsset: {fileID: 0}
  m_GameObject: {fileID: 147836}
  m_LocalRotation: {x: 0.026568983, y: 0.03677928, z: 0.6925334, w: 0.71995765}
  m_LocalPosition: {x: 0.00008146466, y: -0.0016421183, z: 0.0000012837622}
  m_LocalScale: {x: 1, y: 1, z: 1}
  m_Children:
  - {fileID: 466850}
  m_Father: {fileID: 410662}
  m_RootOrder: 0
  m_LocalEulerAnglesHint: {x: -0.72679996, y: 5.1500998, z: 87.7427}
--- !u!1 &151720
GameObject:
  m_ObjectHideFlags: 0
  m_CorrespondingSourceObject: {fileID: 0}
  m_PrefabInstance: {fileID: 0}
  m_PrefabAsset: {fileID: 0}
  serializedVersion: 6
  m_Component:
  - component: {fileID: 496028}
  m_Layer: 0
  m_Name: R_Hip_J
  m_TagString: Untagged
  m_Icon: {fileID: 0}
  m_NavMeshLayer: 0
  m_StaticEditorFlags: 0
  m_IsActive: 1
--- !u!4 &496028
Transform:
  m_ObjectHideFlags: 0
  m_CorrespondingSourceObject: {fileID: 0}
  m_PrefabInstance: {fileID: 0}
  m_PrefabAsset: {fileID: 0}
  m_GameObject: {fileID: 151720}
  m_LocalRotation: {x: -0.6433331, y: 0.24915227, z: 0.6690836, w: 0.27635637}
  m_LocalPosition: {x: 0.000074542106, y: -0.0006201049, z: 0.00002036093}
  m_LocalScale: {x: 1, y: 1, z: 1}
  m_Children:
  - {fileID: 483084}
  m_Father: {fileID: 445068}
  m_RootOrder: 1
  m_LocalEulerAnglesHint: {x: -43.5499, y: -86.1954, z: 176.1048}
--- !u!1 &153012
GameObject:
  m_ObjectHideFlags: 0
  m_CorrespondingSourceObject: {fileID: 0}
  m_PrefabInstance: {fileID: 0}
  m_PrefabAsset: {fileID: 0}
  serializedVersion: 6
  m_Component:
  - component: {fileID: 436216}
  - component: {fileID: 3358040}
  - component: {fileID: 2357456}
  m_Layer: 0
  m_Name: GolfBat_02
  m_TagString: Untagged
  m_Icon: {fileID: 0}
  m_NavMeshLayer: 0
  m_StaticEditorFlags: 0
  m_IsActive: 1
--- !u!4 &436216
Transform:
  m_ObjectHideFlags: 0
  m_CorrespondingSourceObject: {fileID: 0}
  m_PrefabInstance: {fileID: 0}
  m_PrefabAsset: {fileID: 0}
  m_GameObject: {fileID: 153012}
  m_LocalRotation: {x: 0, y: 0, z: 0, w: 1}
  m_LocalPosition: {x: 0, y: 0, z: 0}
  m_LocalScale: {x: 1, y: 1, z: 1}
  m_Children: []
  m_Father: {fileID: 432178}
  m_RootOrder: 1
  m_LocalEulerAnglesHint: {x: 0, y: 0, z: 0}
--- !u!33 &3358040
MeshFilter:
  m_ObjectHideFlags: 0
  m_CorrespondingSourceObject: {fileID: 0}
  m_PrefabInstance: {fileID: 0}
  m_PrefabAsset: {fileID: 0}
  m_GameObject: {fileID: 153012}
  m_Mesh: {fileID: 4300002, guid: dd08f653a6191f743831e1b2f6e013e7, type: 3}
--- !u!23 &2357456
MeshRenderer:
  m_ObjectHideFlags: 0
  m_CorrespondingSourceObject: {fileID: 0}
  m_PrefabInstance: {fileID: 0}
  m_PrefabAsset: {fileID: 0}
  m_GameObject: {fileID: 153012}
  m_Enabled: 1
  m_CastShadows: 1
  m_ReceiveShadows: 1
  m_DynamicOccludee: 1
  m_MotionVectors: 1
  m_LightProbeUsage: 1
  m_ReflectionProbeUsage: 1
  m_RenderingLayerMask: 1
  m_RendererPriority: 0
  m_Materials:
  - {fileID: 2100000, guid: e8fabadb5c73f5e478bff786c7fb1398, type: 2}
  m_StaticBatchInfo:
    firstSubMesh: 0
    subMeshCount: 0
  m_StaticBatchRoot: {fileID: 0}
  m_ProbeAnchor: {fileID: 0}
  m_LightProbeVolumeOverride: {fileID: 0}
  m_ScaleInLightmap: 1
  m_PreserveUVs: 0
  m_IgnoreNormalsForChartDetection: 0
  m_ImportantGI: 0
  m_StitchLightmapSeams: 0
  m_SelectedEditorRenderState: 3
  m_MinimumChartSize: 4
  m_AutoUVMaxDistance: 0.5
  m_AutoUVMaxAngle: 89
  m_LightmapParameters: {fileID: 0}
  m_SortingLayerID: 0
  m_SortingLayer: 0
  m_SortingOrder: 0
--- !u!1 &158664
GameObject:
  m_ObjectHideFlags: 0
  m_CorrespondingSourceObject: {fileID: 0}
  m_PrefabInstance: {fileID: 0}
  m_PrefabAsset: {fileID: 0}
  serializedVersion: 6
  m_Component:
  - component: {fileID: 448260}
  - component: {fileID: 9513336}
  m_Layer: 0
  m_Name: GolfDemo
  m_TagString: Untagged
  m_Icon: {fileID: 0}
  m_NavMeshLayer: 0
  m_StaticEditorFlags: 0
  m_IsActive: 1
--- !u!4 &448260
Transform:
  m_ObjectHideFlags: 0
  m_CorrespondingSourceObject: {fileID: 0}
  m_PrefabInstance: {fileID: 0}
  m_PrefabAsset: {fileID: 0}
  m_GameObject: {fileID: 158664}
  m_LocalRotation: {x: 0, y: 0, z: 0, w: 1}
  m_LocalPosition: {x: 0, y: 0, z: 0}
  m_LocalScale: {x: 100, y: 100, z: 100}
  m_Children:
  - {fileID: 454824}
  - {fileID: 412528}
  m_Father: {fileID: 0}
  m_RootOrder: 0
  m_LocalEulerAnglesHint: {x: 0, y: 0, z: 0}
--- !u!95 &9513336
Animator:
  serializedVersion: 3
  m_ObjectHideFlags: 0
  m_CorrespondingSourceObject: {fileID: 0}
  m_PrefabInstance: {fileID: 0}
  m_PrefabAsset: {fileID: 0}
  m_GameObject: {fileID: 158664}
  m_Enabled: 1
  m_Avatar: {fileID: 9000000, guid: d64167f1a3924c34a979ddd9c83ffec9, type: 3}
  m_Controller: {fileID: 9100000, guid: fec88d37374fbab439eff5185dbd02c5, type: 2}
  m_CullingMode: 1
  m_UpdateMode: 0
  m_ApplyRootMotion: 0
  m_LinearVelocityBlending: 0
  m_WarningMessage: 
  m_HasTransformHierarchy: 1
  m_AllowConstantClipSamplingOptimization: 1
  m_KeepAnimatorControllerStateOnDisable: 0
--- !u!1 &158884
GameObject:
  m_ObjectHideFlags: 0
  m_CorrespondingSourceObject: {fileID: 0}
  m_PrefabInstance: {fileID: 0}
  m_PrefabAsset: {fileID: 0}
  serializedVersion: 6
  m_Component:
  - component: {fileID: 433612}
  - component: {fileID: 13701312}
  m_Layer: 0
  m_Name: Batch_11_Ch_03_Avatar
  m_TagString: Untagged
  m_Icon: {fileID: 0}
  m_NavMeshLayer: 0
  m_StaticEditorFlags: 0
  m_IsActive: 1
--- !u!4 &433612
Transform:
  m_ObjectHideFlags: 0
  m_CorrespondingSourceObject: {fileID: 0}
  m_PrefabInstance: {fileID: 0}
  m_PrefabAsset: {fileID: 0}
  m_GameObject: {fileID: 158884}
  m_LocalRotation: {x: 0, y: 0, z: 0, w: 1}
  m_LocalPosition: {x: -0, y: -0.0039983825, z: -0.0005382438}
  m_LocalScale: {x: 1, y: 1, z: 1}
  m_Children: []
  m_Father: {fileID: 454824}
  m_RootOrder: 0
  m_LocalEulerAnglesHint: {x: 0, y: 0, z: 0}
--- !u!137 &13701312
SkinnedMeshRenderer:
  m_ObjectHideFlags: 0
  m_CorrespondingSourceObject: {fileID: 0}
  m_PrefabInstance: {fileID: 0}
  m_PrefabAsset: {fileID: 0}
  m_GameObject: {fileID: 158884}
  m_Enabled: 1
  m_CastShadows: 1
  m_ReceiveShadows: 1
  m_DynamicOccludee: 1
  m_MotionVectors: 1
  m_LightProbeUsage: 1
  m_ReflectionProbeUsage: 1
  m_RenderingLayerMask: 1
  m_RendererPriority: 0
  m_Materials:
  - {fileID: 2100000, guid: c72be5792e13dfe43b20e7b0bb5582f8, type: 2}
  m_StaticBatchInfo:
    firstSubMesh: 0
    subMeshCount: 0
  m_StaticBatchRoot: {fileID: 0}
  m_ProbeAnchor: {fileID: 0}
  m_LightProbeVolumeOverride: {fileID: 0}
  m_ScaleInLightmap: 1
  m_PreserveUVs: 0
  m_IgnoreNormalsForChartDetection: 0
  m_ImportantGI: 0
  m_StitchLightmapSeams: 0
  m_SelectedEditorRenderState: 3
  m_MinimumChartSize: 4
  m_AutoUVMaxDistance: 0.5
  m_AutoUVMaxAngle: 89
  m_LightmapParameters: {fileID: 0}
  m_SortingLayerID: 0
  m_SortingLayer: 0
  m_SortingOrder: 0
  serializedVersion: 2
  m_Quality: 0
  m_UpdateWhenOffscreen: 0
  m_SkinnedMotionVectors: 1
  m_Mesh: {fileID: 4300000, guid: d64167f1a3924c34a979ddd9c83ffec9, type: 3}
  m_Bones:
  - {fileID: 469152}
  - {fileID: 423172}
  - {fileID: 439276}
  - {fileID: 420868}
  - {fileID: 457482}
  - {fileID: 437570}
  - {fileID: 411398}
  - {fileID: 445426}
  - {fileID: 403200}
  - {fileID: 419624}
  - {fileID: 496690}
  - {fileID: 423726}
  - {fileID: 468330}
  - {fileID: 433076}
  - {fileID: 496146}
  - {fileID: 417546}
  - {fileID: 423482}
  - {fileID: 447364}
  - {fileID: 464922}
  - {fileID: 411638}
  - {fileID: 426646}
  - {fileID: 483084}
  - {fileID: 496028}
  - {fileID: 457618}
  - {fileID: 466850}
  - {fileID: 420298}
  - {fileID: 410662}
  - {fileID: 445068}
  m_BlendShapeWeights: []
  m_RootBone: {fileID: 464922}
  m_AABB:
    m_Center: {x: 0.0006431078, y: -0.00009429292, z: 0.0000000044237822}
    m_Extent: {x: 0.004791838, y: 0.0012619958, z: 0.004928598}
  m_DirtyAABB: 0
--- !u!1 &165342
GameObject:
  m_ObjectHideFlags: 0
  m_CorrespondingSourceObject: {fileID: 0}
  m_PrefabInstance: {fileID: 0}
  m_PrefabAsset: {fileID: 0}
  serializedVersion: 6
  m_Component:
  - component: {fileID: 432178}
  - component: {fileID: 9530930}
  m_Layer: 0
  m_Name: GolfBats
  m_TagString: Untagged
  m_Icon: {fileID: 0}
  m_NavMeshLayer: 0
  m_StaticEditorFlags: 0
  m_IsActive: 1
--- !u!4 &432178
Transform:
  m_ObjectHideFlags: 0
  m_CorrespondingSourceObject: {fileID: 0}
  m_PrefabInstance: {fileID: 0}
  m_PrefabAsset: {fileID: 0}
  m_GameObject: {fileID: 165342}
  m_LocalRotation: {x: 0.043491375, y: -0.029474838, z: 0.93195605, w: 0.3587446}
  m_LocalPosition: {x: -0.00022999992, y: 0.000090000394, z: -0.0010800003}
  m_LocalScale: {x: 1, y: 1, z: 1}
  m_Children:
  - {fileID: 490786}
  - {fileID: 436216}
  - {fileID: 434000}
  m_Father: {fileID: 473218}
  m_RootOrder: 0
  m_LocalEulerAnglesHint: {x: 4.9417996, y: 3.4478, z: 138.0417}
--- !u!95 &9530930
Animator:
  serializedVersion: 3
  m_ObjectHideFlags: 0
  m_CorrespondingSourceObject: {fileID: 0}
  m_PrefabInstance: {fileID: 0}
  m_PrefabAsset: {fileID: 0}
  m_GameObject: {fileID: 165342}
  m_Enabled: 1
  m_Avatar: {fileID: 9000000, guid: dd08f653a6191f743831e1b2f6e013e7, type: 3}
  m_Controller: {fileID: 0}
  m_CullingMode: 0
  m_UpdateMode: 0
  m_ApplyRootMotion: 0
  m_LinearVelocityBlending: 0
  m_WarningMessage: 
  m_HasTransformHierarchy: 1
  m_AllowConstantClipSamplingOptimization: 1
  m_KeepAnimatorControllerStateOnDisable: 0
--- !u!1 &170084
GameObject:
  m_ObjectHideFlags: 0
  m_CorrespondingSourceObject: {fileID: 0}
  m_PrefabInstance: {fileID: 0}
  m_PrefabAsset: {fileID: 0}
  serializedVersion: 6
  m_Component:
  - component: {fileID: 496690}
  m_Layer: 0
  m_Name: Left_Thumb_Jnt_02
  m_TagString: Untagged
  m_Icon: {fileID: 0}
  m_NavMeshLayer: 0
  m_StaticEditorFlags: 0
  m_IsActive: 1
--- !u!4 &496690
Transform:
  m_ObjectHideFlags: 0
  m_CorrespondingSourceObject: {fileID: 0}
  m_PrefabInstance: {fileID: 0}
  m_PrefabAsset: {fileID: 0}
  m_GameObject: {fileID: 170084}
  m_LocalRotation: {x: 0.7437731, y: 0.025162034, z: -0.022584291, w: 0.6675765}
  m_LocalPosition: {x: -0.00015641472, y: 1.110223e-18, z: -8.3266725e-19}
  m_LocalScale: {x: 1, y: 1, z: 1}
  m_Children: []
  m_Father: {fileID: 423726}
  m_RootOrder: 0
  m_LocalEulerAnglesHint: {x: 83.8194, y: -180, z: 176.1248}
--- !u!1 &173694
GameObject:
  m_ObjectHideFlags: 0
  m_CorrespondingSourceObject: {fileID: 0}
  m_PrefabInstance: {fileID: 0}
  m_PrefabAsset: {fileID: 0}
  serializedVersion: 6
  m_Component:
  - component: {fileID: 473218}
  m_Layer: 0
  m_Name: Extra2_J
  m_TagString: Untagged
  m_Icon: {fileID: 0}
  m_NavMeshLayer: 0
  m_StaticEditorFlags: 0
  m_IsActive: 1
--- !u!4 &473218
Transform:
  m_ObjectHideFlags: 0
  m_CorrespondingSourceObject: {fileID: 0}
  m_PrefabInstance: {fileID: 0}
  m_PrefabAsset: {fileID: 0}
  m_GameObject: {fileID: 173694}
  m_LocalRotation: {x: 0.9987981, y: -0.019405443, z: -0.04500166, w: -0.00085631514}
  m_LocalPosition: {x: 0.00051411596, y: 0.00027850497, z: -0.000078153906}
  m_LocalScale: {x: 1, y: 1, z: 1}
  m_Children:
  - {fileID: 432178}
  m_Father: {fileID: 457482}
  m_RootOrder: 0
  m_LocalEulerAnglesHint: {x: -0.1981, y: -174.8443, z: -177.78279}
--- !u!1 &174104
GameObject:
  m_ObjectHideFlags: 0
  m_CorrespondingSourceObject: {fileID: 0}
  m_PrefabInstance: {fileID: 0}
  m_PrefabAsset: {fileID: 0}
  serializedVersion: 6
  m_Component:
  - component: {fileID: 445426}
  m_Layer: 0
  m_Name: Right_Clavicle_Jnt
  m_TagString: Untagged
  m_Icon: {fileID: 0}
  m_NavMeshLayer: 0
  m_StaticEditorFlags: 0
  m_IsActive: 1
--- !u!4 &445426
Transform:
  m_ObjectHideFlags: 0
  m_CorrespondingSourceObject: {fileID: 0}
  m_PrefabInstance: {fileID: 0}
  m_PrefabAsset: {fileID: 0}
  m_GameObject: {fileID: 174104}
  m_LocalRotation: {x: -0.46444693, y: -0.52896374, z: 0.6051876, w: -0.37179884}
  m_LocalPosition: {x: -0.00081670476, y: -0.00016064296, z: -0.00037054357}
  m_LocalScale: {x: 1, y: 1, z: 1}
  m_Children:
  - {fileID: 411398}
  m_Father: {fileID: 447364}
  m_RootOrder: 2
  m_LocalEulerAnglesHint: {x: 80.267, y: -86.957596, z: 165.84749}
--- !u!1 &174122
GameObject:
  m_ObjectHideFlags: 0
  m_CorrespondingSourceObject: {fileID: 0}
  m_PrefabInstance: {fileID: 0}
  m_PrefabAsset: {fileID: 0}
  serializedVersion: 6
  m_Component:
  - component: {fileID: 469152}
  m_Layer: 0
  m_Name: Right_Fingers_02_Jnt
  m_TagString: Untagged
  m_Icon: {fileID: 0}
  m_NavMeshLayer: 0
  m_StaticEditorFlags: 0
  m_IsActive: 1
--- !u!4 &469152
Transform:
  m_ObjectHideFlags: 0
  m_CorrespondingSourceObject: {fileID: 0}
  m_PrefabInstance: {fileID: 0}
  m_PrefabAsset: {fileID: 0}
  m_GameObject: {fileID: 174122}
  m_LocalRotation: {x: 0, y: 0, z: 0, w: 1}
  m_LocalPosition: {x: 0.00027117273, y: -0.000005238573, z: 0.000009563318}
  m_LocalScale: {x: 1, y: 1, z: 1}
  m_Children: []
  m_Father: {fileID: 423172}
  m_RootOrder: 0
  m_LocalEulerAnglesHint: {x: 0, y: 0, z: 0}
--- !u!1 &183846
GameObject:
  m_ObjectHideFlags: 0
  m_CorrespondingSourceObject: {fileID: 0}
  m_PrefabInstance: {fileID: 0}
  m_PrefabAsset: {fileID: 0}
  serializedVersion: 6
  m_Component:
  - component: {fileID: 403200}
  m_Layer: 0
  m_Name: Left_Fingers_02_Jnt
  m_TagString: Untagged
  m_Icon: {fileID: 0}
  m_NavMeshLayer: 0
  m_StaticEditorFlags: 0
  m_IsActive: 1
--- !u!4 &403200
Transform:
  m_ObjectHideFlags: 0
  m_CorrespondingSourceObject: {fileID: 0}
  m_PrefabInstance: {fileID: 0}
  m_PrefabAsset: {fileID: 0}
  m_GameObject: {fileID: 183846}
  m_LocalRotation: {x: 0, y: 0, z: 0, w: 1}
  m_LocalPosition: {x: -0.00027117305, y: 0.000005233863, z: -0.000009563315}
  m_LocalScale: {x: 1, y: 1, z: 1}
  m_Children: []
  m_Father: {fileID: 419624}
  m_RootOrder: 0
  m_LocalEulerAnglesHint: {x: 0, y: 0, z: 0}
--- !u!1 &185702
GameObject:
  m_ObjectHideFlags: 0
  m_CorrespondingSourceObject: {fileID: 0}
  m_PrefabInstance: {fileID: 0}
  m_PrefabAsset: {fileID: 0}
  serializedVersion: 6
  m_Component:
  - component: {fileID: 490786}
  - component: {fileID: 3398528}
  - component: {fileID: 2396388}
  m_Layer: 0
  m_Name: GolfBat_01
  m_TagString: Untagged
  m_Icon: {fileID: 0}
  m_NavMeshLayer: 0
  m_StaticEditorFlags: 0
  m_IsActive: 0
--- !u!4 &490786
Transform:
  m_ObjectHideFlags: 0
  m_CorrespondingSourceObject: {fileID: 0}
  m_PrefabInstance: {fileID: 0}
  m_PrefabAsset: {fileID: 0}
  m_GameObject: {fileID: 185702}
  m_LocalRotation: {x: 0, y: 0, z: 0, w: 1}
  m_LocalPosition: {x: 0, y: 0, z: 0}
  m_LocalScale: {x: 1, y: 1, z: 1}
  m_Children: []
  m_Father: {fileID: 432178}
  m_RootOrder: 0
  m_LocalEulerAnglesHint: {x: 0, y: 0, z: 0}
--- !u!33 &3398528
MeshFilter:
  m_ObjectHideFlags: 0
  m_CorrespondingSourceObject: {fileID: 0}
  m_PrefabInstance: {fileID: 0}
  m_PrefabAsset: {fileID: 0}
  m_GameObject: {fileID: 185702}
  m_Mesh: {fileID: 4300000, guid: dd08f653a6191f743831e1b2f6e013e7, type: 3}
--- !u!23 &2396388
MeshRenderer:
  m_ObjectHideFlags: 0
  m_CorrespondingSourceObject: {fileID: 0}
  m_PrefabInstance: {fileID: 0}
  m_PrefabAsset: {fileID: 0}
  m_GameObject: {fileID: 185702}
  m_Enabled: 1
  m_CastShadows: 1
  m_ReceiveShadows: 1
  m_DynamicOccludee: 1
  m_MotionVectors: 1
  m_LightProbeUsage: 1
  m_ReflectionProbeUsage: 1
  m_RenderingLayerMask: 1
  m_RendererPriority: 0
  m_Materials:
  - {fileID: 2100000, guid: e8fabadb5c73f5e478bff786c7fb1398, type: 2}
  m_StaticBatchInfo:
    firstSubMesh: 0
    subMeshCount: 0
  m_StaticBatchRoot: {fileID: 0}
  m_ProbeAnchor: {fileID: 0}
  m_LightProbeVolumeOverride: {fileID: 0}
  m_ScaleInLightmap: 1
  m_PreserveUVs: 0
  m_IgnoreNormalsForChartDetection: 0
  m_ImportantGI: 0
  m_StitchLightmapSeams: 0
  m_SelectedEditorRenderState: 3
  m_MinimumChartSize: 4
  m_AutoUVMaxDistance: 0.5
  m_AutoUVMaxAngle: 89
  m_LightmapParameters: {fileID: 0}
  m_SortingLayerID: 0
  m_SortingLayer: 0
  m_SortingOrder: 0
--- !u!1 &186904
GameObject:
  m_ObjectHideFlags: 0
  m_CorrespondingSourceObject: {fileID: 0}
  m_PrefabInstance: {fileID: 0}
  m_PrefabAsset: {fileID: 0}
  serializedVersion: 6
  m_Component:
  - component: {fileID: 410662}
  m_Layer: 0
  m_Name: L_Hip_J
  m_TagString: Untagged
  m_Icon: {fileID: 0}
  m_NavMeshLayer: 0
  m_StaticEditorFlags: 0
  m_IsActive: 1
--- !u!4 &410662
Transform:
  m_ObjectHideFlags: 0
  m_CorrespondingSourceObject: {fileID: 0}
  m_PrefabInstance: {fileID: 0}
  m_PrefabAsset: {fileID: 0}
  m_GameObject: {fileID: 186904}
  m_LocalRotation: {x: -0.2772757, y: -0.6865531, z: -0.26588863, w: 0.6173056}
  m_LocalPosition: {x: -0.0006217244, y: 0.00006289761, z: -0.0000024153221}
  m_LocalScale: {x: 1, y: 1, z: 1}
  m_Children:
  - {fileID: 420298}
  m_Father: {fileID: 445068}
  m_RootOrder: 0
  m_LocalEulerAnglesHint: {x: -45.025497, y: -97.8451, z: 4.2566}
--- !u!1 &187970
GameObject:
  m_ObjectHideFlags: 0
  m_CorrespondingSourceObject: {fileID: 0}
  m_PrefabInstance: {fileID: 0}
  m_PrefabAsset: {fileID: 0}
  serializedVersion: 6
  m_Component:
  - component: {fileID: 434000}
  - component: {fileID: 3356554}
  - component: {fileID: 2321248}
  m_Layer: 0
  m_Name: GolfBat_03
  m_TagString: Untagged
  m_Icon: {fileID: 0}
  m_NavMeshLayer: 0
  m_StaticEditorFlags: 0
  m_IsActive: 0
--- !u!4 &434000
Transform:
  m_ObjectHideFlags: 0
  m_CorrespondingSourceObject: {fileID: 0}
  m_PrefabInstance: {fileID: 0}
  m_PrefabAsset: {fileID: 0}
  m_GameObject: {fileID: 187970}
  m_LocalRotation: {x: 0, y: 0, z: 0, w: 1}
  m_LocalPosition: {x: 0, y: 0, z: 0}
  m_LocalScale: {x: 1, y: 1, z: 1}
  m_Children: []
  m_Father: {fileID: 432178}
  m_RootOrder: 2
  m_LocalEulerAnglesHint: {x: 0, y: 0, z: 0}
--- !u!33 &3356554
MeshFilter:
  m_ObjectHideFlags: 0
  m_CorrespondingSourceObject: {fileID: 0}
  m_PrefabInstance: {fileID: 0}
  m_PrefabAsset: {fileID: 0}
  m_GameObject: {fileID: 187970}
  m_Mesh: {fileID: 4300004, guid: dd08f653a6191f743831e1b2f6e013e7, type: 3}
--- !u!23 &2321248
MeshRenderer:
  m_ObjectHideFlags: 0
  m_CorrespondingSourceObject: {fileID: 0}
  m_PrefabInstance: {fileID: 0}
  m_PrefabAsset: {fileID: 0}
  m_GameObject: {fileID: 187970}
  m_Enabled: 1
  m_CastShadows: 1
  m_ReceiveShadows: 1
  m_DynamicOccludee: 1
  m_MotionVectors: 1
  m_LightProbeUsage: 1
  m_ReflectionProbeUsage: 1
  m_RenderingLayerMask: 1
  m_RendererPriority: 0
  m_Materials:
  - {fileID: 2100000, guid: e8fabadb5c73f5e478bff786c7fb1398, type: 2}
  m_StaticBatchInfo:
    firstSubMesh: 0
    subMeshCount: 0
  m_StaticBatchRoot: {fileID: 0}
  m_ProbeAnchor: {fileID: 0}
  m_LightProbeVolumeOverride: {fileID: 0}
  m_ScaleInLightmap: 1
  m_PreserveUVs: 0
  m_IgnoreNormalsForChartDetection: 0
  m_ImportantGI: 0
  m_StitchLightmapSeams: 0
  m_SelectedEditorRenderState: 3
  m_MinimumChartSize: 4
  m_AutoUVMaxDistance: 0.5
  m_AutoUVMaxAngle: 89
  m_LightmapParameters: {fileID: 0}
  m_SortingLayerID: 0
  m_SortingLayer: 0
  m_SortingOrder: 0
--- !u!1 &188984
GameObject:
  m_ObjectHideFlags: 0
  m_CorrespondingSourceObject: {fileID: 0}
  m_PrefabInstance: {fileID: 0}
  m_PrefabAsset: {fileID: 0}
  serializedVersion: 6
  m_Component:
  - component: {fileID: 423482}
  m_Layer: 0
  m_Name: Head_Jnt_01
  m_TagString: Untagged
  m_Icon: {fileID: 0}
  m_NavMeshLayer: 0
  m_StaticEditorFlags: 0
  m_IsActive: 1
--- !u!4 &423482
Transform:
  m_ObjectHideFlags: 0
  m_CorrespondingSourceObject: {fileID: 0}
  m_PrefabInstance: {fileID: 0}
  m_PrefabAsset: {fileID: 0}
  m_GameObject: {fileID: 188984}
  m_LocalRotation: {x: 0.0000010707198, y: -0.0000063739544, z: 0.993422, w: 0.11451108}
  m_LocalPosition: {x: -0.0013030124, y: -1.110223e-18, z: 6.352747e-24}
  m_LocalScale: {x: 1, y: 1, z: 1}
  m_Children: []
  m_Father: {fileID: 447364}
  m_RootOrder: 0
  m_LocalEulerAnglesHint: {x: 0.0007, y: 0, z: 166.84909}
--- !u!1 &192416
GameObject:
  m_ObjectHideFlags: 0
  m_CorrespondingSourceObject: {fileID: 0}
  m_PrefabInstance: {fileID: 0}
  m_PrefabAsset: {fileID: 0}
  serializedVersion: 6
  m_Component:
  - component: {fileID: 411398}
  m_Layer: 0
  m_Name: Right_Shoulder_Jnt
  m_TagString: Untagged
  m_Icon: {fileID: 0}
  m_NavMeshLayer: 0
  m_StaticEditorFlags: 0
  m_IsActive: 1
--- !u!4 &411398
Transform:
  m_ObjectHideFlags: 0
  m_CorrespondingSourceObject: {fileID: 0}
  m_PrefabInstance: {fileID: 0}
  m_PrefabAsset: {fileID: 0}
  m_GameObject: {fileID: 192416}
  m_LocalRotation: {x: -0.044026498, y: -0.014806212, z: 0.15044057, w: 0.98752725}
  m_LocalPosition: {x: 0.0005438878, y: 2.9460068e-10, z: -8.495894e-10}
  m_LocalScale: {x: 1, y: 1, z: 1}
  m_Children:
  - {fileID: 437570}
  m_Father: {fileID: 445426}
  m_RootOrder: 0
  m_LocalEulerAnglesHint: {x: -4.7323, y: -2.4436, z: 17.4247}
--- !u!1 &192642
GameObject:
  m_ObjectHideFlags: 0
  m_CorrespondingSourceObject: {fileID: 0}
  m_PrefabInstance: {fileID: 0}
  m_PrefabAsset: {fileID: 0}
  serializedVersion: 6
  m_Component:
  - component: {fileID: 420868}
  m_Layer: 0
  m_Name: Right_Thumb_Jnt_01
  m_TagString: Untagged
  m_Icon: {fileID: 0}
  m_NavMeshLayer: 0
  m_StaticEditorFlags: 0
  m_IsActive: 1
--- !u!4 &420868
Transform:
  m_ObjectHideFlags: 0
  m_CorrespondingSourceObject: {fileID: 0}
  m_PrefabInstance: {fileID: 0}
  m_PrefabAsset: {fileID: 0}
  m_GameObject: {fileID: 192642}
  m_LocalRotation: {x: 0.07975205, y: 0.348835, z: 0.1711383, w: 0.9179681}
  m_LocalPosition: {x: 0.00017878858, y: 0.00009744438, z: -0.00029633404}
  m_LocalScale: {x: 1, y: 1, z: 1}
  m_Children:
  - {fileID: 439276}
  m_Father: {fileID: 457482}
  m_RootOrder: 2
  m_LocalEulerAnglesHint: {x: 1.5483999, y: 41.9113, z: 21.7141}
--- !u!1 &195778
GameObject:
  m_ObjectHideFlags: 0
  m_CorrespondingSourceObject: {fileID: 0}
  m_PrefabInstance: {fileID: 0}
  m_PrefabAsset: {fileID: 0}
  serializedVersion: 6
  m_Component:
  - component: {fileID: 443218}
  m_Layer: 0
  m_Name: L_Toe_J
  m_TagString: Untagged
  m_Icon: {fileID: 0}
  m_NavMeshLayer: 0
  m_StaticEditorFlags: 0
  m_IsActive: 1
--- !u!4 &443218
Transform:
  m_ObjectHideFlags: 0
  m_CorrespondingSourceObject: {fileID: 0}
  m_PrefabInstance: {fileID: 0}
  m_PrefabAsset: {fileID: 0}
  m_GameObject: {fileID: 195778}
  m_LocalRotation: {x: 0.03204346, y: -0.062222186, z: -0.11048138, w: 0.99141085}
  m_LocalPosition: {x: -0.00033369774, y: 0.00014185216, z: 0.000011334122}
  m_LocalScale: {x: 1, y: 1, z: 1}
  m_Children: []
  m_Father: {fileID: 457618}
  m_RootOrder: 0
  m_LocalEulerAnglesHint: {x: 2.8537998, y: -7.5053, z: -12.904699}
--- !u!1 &196674
GameObject:
  m_ObjectHideFlags: 0
  m_CorrespondingSourceObject: {fileID: 0}
  m_PrefabInstance: {fileID: 0}
  m_PrefabAsset: {fileID: 0}
  serializedVersion: 6
  m_Component:
  - component: {fileID: 423726}
  m_Layer: 0
  m_Name: Left_Thumb_Jnt_01
  m_TagString: Untagged
  m_Icon: {fileID: 0}
  m_NavMeshLayer: 0
  m_StaticEditorFlags: 0
  m_IsActive: 1
--- !u!4 &423726
Transform:
  m_ObjectHideFlags: 0
  m_CorrespondingSourceObject: {fileID: 0}
  m_PrefabInstance: {fileID: 0}
  m_PrefabAsset: {fileID: 0}
  m_GameObject: {fileID: 196674}
  m_LocalRotation: {x: 0.07975205, y: 0.348835, z: 0.1711383, w: 0.9179681}
  m_LocalPosition: {x: -0.00017879588, y: -0.00009744196, z: 0.00029633424}
  m_LocalScale: {x: 1, y: 1, z: 1}
  m_Children:
  - {fileID: 496690}
  m_Father: {fileID: 468330}
  m_RootOrder: 2
  m_LocalEulerAnglesHint: {x: 1.5483999, y: 41.9113, z: 21.7141}
--- !u!1 &198138
GameObject:
  m_ObjectHideFlags: 0
  m_CorrespondingSourceObject: {fileID: 0}
  m_PrefabInstance: {fileID: 0}
  m_PrefabAsset: {fileID: 0}
  serializedVersion: 6
  m_Component:
  - component: {fileID: 454824}
  m_Layer: 0
  m_Name: Batch_11
  m_TagString: Untagged
  m_Icon: {fileID: 0}
  m_NavMeshLayer: 0
  m_StaticEditorFlags: 0
  m_IsActive: 1
--- !u!4 &454824
Transform:
  m_ObjectHideFlags: 0
  m_CorrespondingSourceObject: {fileID: 0}
  m_PrefabInstance: {fileID: 0}
  m_PrefabAsset: {fileID: 0}
  m_GameObject: {fileID: 198138}
  m_LocalRotation: {x: 0, y: 0, z: 0, w: 1}
  m_LocalPosition: {x: 0, y: 0.0039983825, z: 0.0005382438}
  m_LocalScale: {x: 1, y: 1, z: 1}
  m_Children:
  - {fileID: 433612}
  m_Father: {fileID: 448260}
  m_RootOrder: 0
  m_LocalEulerAnglesHint: {x: 0, y: 0, z: 0}
--- !u!1 &199994
GameObject:
  m_ObjectHideFlags: 0
  m_CorrespondingSourceObject: {fileID: 0}
  m_PrefabInstance: {fileID: 0}
  m_PrefabAsset: {fileID: 0}
  serializedVersion: 6
  m_Component:
  - component: {fileID: 419624}
  m_Layer: 0
  m_Name: Left_Fingers_Jnt_01
  m_TagString: Untagged
  m_Icon: {fileID: 0}
  m_NavMeshLayer: 0
  m_StaticEditorFlags: 0
  m_IsActive: 1
--- !u!4 &419624
Transform:
  m_ObjectHideFlags: 0
  m_CorrespondingSourceObject: {fileID: 0}
  m_PrefabInstance: {fileID: 0}
  m_PrefabAsset: {fileID: 0}
  m_GameObject: {fileID: 199994}
  m_LocalRotation: {x: -0.01757569, y: 0.018807063, z: -0.017320028, w: 0.9995186}
  m_LocalPosition: {x: -0.00046848605, y: 0.000011436048, z: 0.00007504277}
  m_LocalScale: {x: 1, y: 1, z: 1}
  m_Children:
  - {fileID: 403200}
  m_Father: {fileID: 468330}
  m_RootOrder: 1
  m_LocalEulerAnglesHint: {x: -1.9761, y: 2.1908, z: -2.0233}
