%YAML 1.1
%TAG !u! tag:unity3d.com,2011:
--- !u!1 &100778
GameObject:
  m_ObjectHideFlags: 0
  m_CorrespondingSourceObject: {fileID: 0}
  m_PrefabInstance: {fileID: 0}
  m_PrefabAsset: {fileID: 0}
  serializedVersion: 6
  m_Component:
  - component: {fileID: 480110}
  m_Layer: 0
  m_Name: Spine_02_J
  m_TagString: Untagged
  m_Icon: {fileID: 0}
  m_NavMeshLayer: 0
  m_StaticEditorFlags: 0
  m_IsActive: 1
--- !u!4 &480110
Transform:
  m_ObjectHideFlags: 0
  m_CorrespondingSourceObject: {fileID: 0}
  m_PrefabInstance: {fileID: 0}
  m_PrefabAsset: {fileID: 0}
  m_GameObject: {fileID: 100778}
  m_LocalRotation: {x: -5.367266e-18, y: -0.00000056379633, z: 0.017546466, w: 0.9998461}
  m_LocalPosition: {x: -0.0006668382, y: 4.423545e-19, z: -1.753067e-20}
  m_LocalScale: {x: 1, y: 1, z: 1}
  m_Children:
  - {fileID: 492656}
  - {fileID: 453002}
  - {fileID: 485552}
  m_Father: {fileID: 449538}
  m_RootOrder: 0
  m_LocalEulerAnglesHint: {x: 0, y: -0.0001, z: 2.0108}
--- !u!1 &102560
GameObject:
  m_ObjectHideFlags: 0
  m_CorrespondingSourceObject: {fileID: 0}
  m_PrefabInstance: {fileID: 0}
  m_PrefabAsset: {fileID: 0}
  serializedVersion: 6
  m_Component:
  - component: {fileID: 485564}
  m_Layer: 0
  m_Name: Extra_J
  m_TagString: Untagged
  m_Icon: {fileID: 0}
  m_NavMeshLayer: 0
  m_StaticEditorFlags: 0
  m_IsActive: 1
--- !u!4 &485564
Transform:
  m_ObjectHideFlags: 0
  m_CorrespondingSourceObject: {fileID: 0}
  m_PrefabInstance: {fileID: 0}
  m_PrefabAsset: {fileID: 0}
  m_GameObject: {fileID: 102560}
  m_LocalRotation: {x: 0.010904469, y: -0.003957092, z: 0.018960465, w: 0.99975294}
  m_LocalPosition: {x: -0.00035677466, y: -0.0002814641, z: -0.000023852353}
  m_LocalScale: {x: 1, y: 1, z: 1}
  m_Children: []
  m_Father: {fileID: 411260}
  m_RootOrder: 0
  m_LocalEulerAnglesHint: {x: 1.2579, y: -0.4298, z: 2.1683}
--- !u!1 &104042
GameObject:
  m_ObjectHideFlags: 0
  m_CorrespondingSourceObject: {fileID: 0}
  m_PrefabInstance: {fileID: 0}
  m_PrefabAsset: {fileID: 0}
  serializedVersion: 6
  m_Component:
  - component: {fileID: 442582}
  m_Layer: 0
  m_Name: L_Knee_J
  m_TagString: Untagged
  m_Icon: {fileID: 0}
  m_NavMeshLayer: 0
  m_StaticEditorFlags: 0
  m_IsActive: 1
--- !u!4 &442582
Transform:
  m_ObjectHideFlags: 0
  m_CorrespondingSourceObject: {fileID: 0}
  m_PrefabInstance: {fileID: 0}
  m_PrefabAsset: {fileID: 0}
  m_GameObject: {fileID: 104042}
  m_LocalRotation: {x: 0.026568983, y: 0.03677928, z: 0.6925334, w: 0.71995765}
  m_LocalPosition: {x: 0.00006084324, y: -0.0020175518, z: 0.000009136014}
  m_LocalScale: {x: 1, y: 1, z: 1}
  m_Children:
  - {fileID: 463674}
  m_Father: {fileID: 408310}
  m_RootOrder: 0
  m_LocalEulerAnglesHint: {x: -0.72679996, y: 5.1500998, z: 87.7427}
--- !u!1 &106988
GameObject:
  m_ObjectHideFlags: 0
  m_CorrespondingSourceObject: {fileID: 0}
  m_PrefabInstance: {fileID: 0}
  m_PrefabAsset: {fileID: 0}
  serializedVersion: 6
  m_Component:
  - component: {fileID: 475936}
  m_Layer: 0
  m_Name: L_Ball_J
  m_TagString: Untagged
  m_Icon: {fileID: 0}
  m_NavMeshLayer: 0
  m_StaticEditorFlags: 0
  m_IsActive: 1
--- !u!4 &475936
Transform:
  m_ObjectHideFlags: 0
  m_CorrespondingSourceObject: {fileID: 0}
  m_PrefabInstance: {fileID: 0}
  m_PrefabAsset: {fileID: 0}
  m_GameObject: {fileID: 106988}
  m_LocalRotation: {x: -0.00083519745, y: -0.0028999702, z: -0.26036194, w: 0.9655064}
  m_LocalPosition: {x: -0.00093654916, y: -2.0681155e-19, z: -4.7704895e-20}
  m_LocalScale: {x: 1, y: 1, z: 1}
  m_Children:
  - {fileID: 437796}
  m_Father: {fileID: 463674}
  m_RootOrder: 0
  m_LocalEulerAnglesHint: {x: -0.17899999, y: -0.296, z: -30.1827}
--- !u!1 &109066
GameObject:
  m_ObjectHideFlags: 0
  m_CorrespondingSourceObject: {fileID: 0}
  m_PrefabInstance: {fileID: 0}
  m_PrefabAsset: {fileID: 0}
  serializedVersion: 6
  m_Component:
  - component: {fileID: 498108}
  m_Layer: 0
  m_Name: R_Toe_J
  m_TagString: Untagged
  m_Icon: {fileID: 0}
  m_NavMeshLayer: 0
  m_StaticEditorFlags: 0
  m_IsActive: 1
--- !u!4 &498108
Transform:
  m_ObjectHideFlags: 0
  m_CorrespondingSourceObject: {fileID: 0}
  m_PrefabInstance: {fileID: 0}
  m_PrefabAsset: {fileID: 0}
  m_GameObject: {fileID: 109066}
  m_LocalRotation: {x: -0.027550606, y: -0.08010802, z: 0.0058123376, w: 0.99638844}
  m_LocalPosition: {x: 0.00034876398, y: 4.3974733e-12, z: -4.7395902e-12}
  m_LocalScale: {x: 1, y: 1, z: 1}
  m_Children: []
  m_Father: {fileID: 488308}
  m_RootOrder: 0
  m_LocalEulerAnglesHint: {x: -3.0937998, y: -9.217999, z: 0.91789997}
--- !u!1 &109136
GameObject:
  m_ObjectHideFlags: 0
  m_CorrespondingSourceObject: {fileID: 0}
  m_PrefabInstance: {fileID: 0}
  m_PrefabAsset: {fileID: 0}
  serializedVersion: 6
  m_Component:
  - component: {fileID: 447372}
  m_Layer: 0
  m_Name: R_Knee_J
  m_TagString: Untagged
  m_Icon: {fileID: 0}
  m_NavMeshLayer: 0
  m_StaticEditorFlags: 0
  m_IsActive: 1
--- !u!4 &447372
Transform:
  m_ObjectHideFlags: 0
  m_CorrespondingSourceObject: {fileID: 0}
  m_PrefabInstance: {fileID: 0}
  m_PrefabAsset: {fileID: 0}
  m_GameObject: {fileID: 109136}
  m_LocalRotation: {x: 0.026568983, y: 0.03677928, z: 0.6925334, w: 0.71995765}
  m_LocalPosition: {x: -0.000060818016, y: 0.002017552, z: -0.000008963207}
  m_LocalScale: {x: 1, y: 1, z: 1}
  m_Children:
  - {fileID: 474066}
  m_Father: {fileID: 435448}
  m_RootOrder: 0
  m_LocalEulerAnglesHint: {x: -0.72679996, y: 5.1500998, z: 87.7427}
--- !u!1 &110264
GameObject:
  m_ObjectHideFlags: 0
  m_CorrespondingSourceObject: {fileID: 0}
  m_PrefabInstance: {fileID: 0}
  m_PrefabAsset: {fileID: 0}
  serializedVersion: 6
  m_Component:
  - component: {fileID: 443660}
  m_Layer: 0
  m_Name: Left_Shoulder_Jnt
  m_TagString: Untagged
  m_Icon: {fileID: 0}
  m_NavMeshLayer: 0
  m_StaticEditorFlags: 0
  m_IsActive: 1
--- !u!4 &443660
Transform:
  m_ObjectHideFlags: 0
  m_CorrespondingSourceObject: {fileID: 0}
  m_PrefabInstance: {fileID: 0}
  m_PrefabAsset: {fileID: 0}
  m_GameObject: {fileID: 110264}
  m_LocalRotation: {x: 0.1554781, y: 0.012292145, z: 0.2164475, w: 0.96375614}
  m_LocalPosition: {x: -0.0004147245, y: -0.000043290802, z: 1.7347234e-19}
  m_LocalScale: {x: 1, y: 1, z: 1}
  m_Children:
  - {fileID: 438122}
  m_Father: {fileID: 453002}
  m_RootOrder: 0
  m_LocalEulerAnglesHint: {x: 17.1194, y: 5.4639, z: 26.1388}
--- !u!1 &121340
GameObject:
  m_ObjectHideFlags: 0
  m_CorrespondingSourceObject: {fileID: 0}
  m_PrefabInstance: {fileID: 0}
  m_PrefabAsset: {fileID: 0}
  serializedVersion: 6
  m_Component:
  - component: {fileID: 463674}
  m_Layer: 0
  m_Name: L_Ankle_J
  m_TagString: Untagged
  m_Icon: {fileID: 0}
  m_NavMeshLayer: 0
  m_StaticEditorFlags: 0
  m_IsActive: 1
--- !u!4 &463674
Transform:
  m_ObjectHideFlags: 0
  m_CorrespondingSourceObject: {fileID: 0}
  m_PrefabInstance: {fileID: 0}
  m_PrefabAsset: {fileID: 0}
  m_GameObject: {fileID: 121340}
  m_LocalRotation: {x: 0.8445232, y: 0.53551817, z: -0.00090560346, w: 0.00024255452}
  m_LocalPosition: {x: -0.001904511, y: 0.00018675755, z: 0.0000097042175}
  m_LocalScale: {x: 1, y: 1, z: 1}
  m_Children:
  - {fileID: 475936}
  m_Father: {fileID: 442582}
  m_RootOrder: 0
  m_LocalEulerAnglesHint: {x: 0.078999996, y: -179.9272, z: 115.2419}
--- !u!1 &122830
GameObject:
  m_ObjectHideFlags: 0
  m_CorrespondingSourceObject: {fileID: 0}
  m_PrefabInstance: {fileID: 0}
  m_PrefabAsset: {fileID: 0}
  serializedVersion: 6
  m_Component:
  - component: {fileID: 485552}
  m_Layer: 0
  m_Name: Right_Clavicle_Jnt
  m_TagString: Untagged
  m_Icon: {fileID: 0}
  m_NavMeshLayer: 0
  m_StaticEditorFlags: 0
  m_IsActive: 1
--- !u!4 &485552
Transform:
  m_ObjectHideFlags: 0
  m_CorrespondingSourceObject: {fileID: 0}
  m_PrefabInstance: {fileID: 0}
  m_PrefabAsset: {fileID: 0}
  m_GameObject: {fileID: 122830}
  m_LocalRotation: {x: -0.40403754, y: -0.5752199, z: 0.5971451, w: -0.38638508}
  m_LocalPosition: {x: -0.0009308173, y: -0.00013974344, z: -0.00043673458}
  m_LocalScale: {x: 1, y: 1, z: 1}
  m_Children:
  - {fileID: 450394}
  m_Father: {fileID: 480110}
  m_RootOrder: 2
  m_LocalEulerAnglesHint: {x: 87.718895, y: -72.8267, z: 175.15}
--- !u!1 &123376
GameObject:
  m_ObjectHideFlags: 0
  m_CorrespondingSourceObject: {fileID: 0}
  m_PrefabInstance: {fileID: 0}
  m_PrefabAsset: {fileID: 0}
  serializedVersion: 6
  m_Component:
  - component: {fileID: 419662}
  m_Layer: 0
  m_Name: Right_Wrist_Jnt
  m_TagString: Untagged
  m_Icon: {fileID: 0}
  m_NavMeshLayer: 0
  m_StaticEditorFlags: 0
  m_IsActive: 1
--- !u!4 &419662
Transform:
  m_ObjectHideFlags: 0
  m_CorrespondingSourceObject: {fileID: 0}
  m_PrefabInstance: {fileID: 0}
  m_PrefabAsset: {fileID: 0}
  m_GameObject: {fileID: 123376}
  m_LocalRotation: {x: -0.16279411, y: -0.019341417, z: -0.047367416, w: 0.9853326}
  m_LocalPosition: {x: 0.0014382931, y: -0.00000006084987, z: -0.00000040868457}
  m_LocalScale: {x: 1, y: 1, z: 1}
  m_Children:
  - {fileID: 420408}
  - {fileID: 462400}
  - {fileID: 483320}
  m_Father: {fileID: 466832}
  m_RootOrder: 0
  m_LocalEulerAnglesHint: {x: -18.823, y: -1.3737999, z: -5.2767}
--- !u!1 &125548
GameObject:
  m_ObjectHideFlags: 0
  m_CorrespondingSourceObject: {fileID: 0}
  m_PrefabInstance: {fileID: 0}
  m_PrefabAsset: {fileID: 0}
  serializedVersion: 6
  m_Component:
  - component: {fileID: 438122}
  m_Layer: 0
  m_Name: Left_Elbow_Jnt
  m_TagString: Untagged
  m_Icon: {fileID: 0}
  m_NavMeshLayer: 0
  m_StaticEditorFlags: 0
  m_IsActive: 1
--- !u!4 &438122
Transform:
  m_ObjectHideFlags: 0
  m_CorrespondingSourceObject: {fileID: 0}
  m_PrefabInstance: {fileID: 0}
  m_PrefabAsset: {fileID: 0}
  m_GameObject: {fileID: 125548}
  m_LocalRotation: {x: -0.0008018828, y: 0.042375162, z: -0.009427253, w: 0.999057}
  m_LocalPosition: {x: -0.0013718508, y: -0.000009439117, z: 0.000006779892}
  m_LocalScale: {x: 1, y: 1, z: 1}
  m_Children:
  - {fileID: 411260}
  m_Father: {fileID: 443660}
  m_RootOrder: 0
  m_LocalEulerAnglesHint: {x: -0.046, y: 4.8578997, z: -1.0833}
--- !u!1 &125842
GameObject:
  m_ObjectHideFlags: 0
  m_CorrespondingSourceObject: {fileID: 0}
  m_PrefabInstance: {fileID: 0}
  m_PrefabAsset: {fileID: 0}
  serializedVersion: 6
  m_Component:
  - component: {fileID: 493510}
  - component: {fileID: 13722758}
  m_Layer: 0
  m_Name: Batch_21_Ch_01_Avatar
  m_TagString: Untagged
  m_Icon: {fileID: 0}
  m_NavMeshLayer: 0
  m_StaticEditorFlags: 0
  m_IsActive: 1
--- !u!4 &493510
Transform:
  m_ObjectHideFlags: 0
  m_CorrespondingSourceObject: {fileID: 0}
  m_PrefabInstance: {fileID: 0}
  m_PrefabAsset: {fileID: 0}
  m_GameObject: {fileID: 125842}
  m_LocalRotation: {x: 0, y: 0, z: 0, w: 1}
  m_LocalPosition: {x: -0, y: -0.003979524, z: -0.0006190371}
  m_LocalScale: {x: 1, y: 1, z: 1}
  m_Children: []
  m_Father: {fileID: 499796}
  m_RootOrder: 0
  m_LocalEulerAnglesHint: {x: 0, y: 0, z: 0}
--- !u!137 &13722758
SkinnedMeshRenderer:
  m_ObjectHideFlags: 0
  m_CorrespondingSourceObject: {fileID: 0}
  m_PrefabInstance: {fileID: 0}
  m_PrefabAsset: {fileID: 0}
  m_GameObject: {fileID: 125842}
  m_Enabled: 1
  m_CastShadows: 1
  m_ReceiveShadows: 1
  m_DynamicOccludee: 1
  m_MotionVectors: 1
  m_LightProbeUsage: 1
  m_ReflectionProbeUsage: 1
  m_RenderingLayerMask: 1
  m_RendererPriority: 0
  m_Materials:
  - {fileID: 2100000, guid: c72be5792e13dfe43b20e7b0bb5582f8, type: 2}
  - {fileID: 2100000, guid: c72be5792e13dfe43b20e7b0bb5582f8, type: 2}
  m_StaticBatchInfo:
    firstSubMesh: 0
    subMeshCount: 0
  m_StaticBatchRoot: {fileID: 0}
  m_ProbeAnchor: {fileID: 0}
  m_LightProbeVolumeOverride: {fileID: 0}
  m_ScaleInLightmap: 1
  m_PreserveUVs: 0
  m_IgnoreNormalsForChartDetection: 0
  m_ImportantGI: 0
  m_StitchLightmapSeams: 0
  m_SelectedEditorRenderState: 3
  m_MinimumChartSize: 4
  m_AutoUVMaxDistance: 0.5
  m_AutoUVMaxAngle: 89
  m_LightmapParameters: {fileID: 0}
  m_SortingLayerID: 0
  m_SortingLayer: 0
  m_SortingOrder: 0
  serializedVersion: 2
  m_Quality: 0
  m_UpdateWhenOffscreen: 0
  m_SkinnedMotionVectors: 1
  m_Mesh: {fileID: 4300000, guid: e7f5b7a929e35b24b9146d763b3e456b, type: 3}
  m_Bones:
  - {fileID: 484966}
  - {fileID: 449052}
  - {fileID: 443488}
  - {fileID: 415716}
  - {fileID: 411260}
  - {fileID: 438122}
  - {fileID: 443660}
  - {fileID: 453002}
  - {fileID: 415206}
  - {fileID: 483320}
  - {fileID: 431330}
  - {fileID: 462400}
  - {fileID: 419662}
  - {fileID: 466832}
  - {fileID: 450394}
  - {fileID: 485552}
  - {fileID: 492656}
  - {fileID: 480110}
  - {fileID: 449538}
  - {fileID: 488308}
  - {fileID: 474066}
  - {fileID: 447372}
  - {fileID: 435448}
  - {fileID: 475936}
  - {fileID: 463674}
  - {fileID: 442582}
  - {fileID: 408310}
  - {fileID: 405336}
  m_BlendShapeWeights: []
  m_RootBone: {fileID: 449538}
  m_AABB:
    m_Center: {x: 0.0012172036, y: -0.00003367418, z: -0.00000175694}
    m_Extent: {x: 0.005079979, y: 0.0012451106, z: 0.004569407}
  m_DirtyAABB: 0
--- !u!1 &126528
GameObject:
  m_ObjectHideFlags: 0
  m_CorrespondingSourceObject: {fileID: 0}
  m_PrefabInstance: {fileID: 0}
  m_PrefabAsset: {fileID: 0}
  serializedVersion: 6
  m_Component:
  - component: {fileID: 484966}
  m_Layer: 0
  m_Name: Left_Thumb_Jnt_02
  m_TagString: Untagged
  m_Icon: {fileID: 0}
  m_NavMeshLayer: 0
  m_StaticEditorFlags: 0
  m_IsActive: 1
--- !u!4 &484966
Transform:
  m_ObjectHideFlags: 0
  m_CorrespondingSourceObject: {fileID: 0}
  m_PrefabInstance: {fileID: 0}
  m_PrefabAsset: {fileID: 0}
  m_GameObject: {fileID: 126528}
  m_LocalRotation: {x: 0.06433571, y: -0.0027056327, z: 0.04559535, w: 0.9968825}
  m_LocalPosition: {x: -0.00015530662, y: -0.000011247226, z: 2.0196178e-12}
  m_LocalScale: {x: 1, y: 1, z: 1}
  m_Children: []
  m_Father: {fileID: 449052}
  m_RootOrder: 0
  m_LocalEulerAnglesHint: {x: 7.3838997, y: 0.0273, z: 5.2393}
--- !u!1 &128042
GameObject:
  m_ObjectHideFlags: 0
  m_CorrespondingSourceObject: {fileID: 0}
  m_PrefabInstance: {fileID: 0}
  m_PrefabAsset: {fileID: 0}
  serializedVersion: 6
  m_Component:
  - component: {fileID: 492656}
  m_Layer: 0
  m_Name: Head_Jnt_01
  m_TagString: Untagged
  m_Icon: {fileID: 0}
  m_NavMeshLayer: 0
  m_StaticEditorFlags: 0
  m_IsActive: 1
--- !u!4 &492656
Transform:
  m_ObjectHideFlags: 0
  m_CorrespondingSourceObject: {fileID: 0}
  m_PrefabInstance: {fileID: 0}
  m_PrefabAsset: {fileID: 0}
  m_GameObject: {fileID: 128042}
  m_LocalRotation: {x: 0.000002609992, y: -0.0000054317734, z: 0.9988016, w: 0.048942782}
  m_LocalPosition: {x: -0.0015767368, y: 1.5959455e-18, z: 5.1880766e-23}
  m_LocalScale: {x: 1, y: 1, z: 1}
  m_Children: []
  m_Father: {fileID: 480110}
  m_RootOrder: 0
  m_LocalEulerAnglesHint: {x: 0.00059999997, y: 0.00029999999, z: 174.38939}
--- !u!1 &133442
GameObject:
  m_ObjectHideFlags: 0
  m_CorrespondingSourceObject: {fileID: 0}
  m_PrefabInstance: {fileID: 0}
  m_PrefabAsset: {fileID: 0}
  serializedVersion: 6
  m_Component:
  - component: {fileID: 431330}
  m_Layer: 0
  m_Name: Right_Fingers_02_Jnt
  m_TagString: Untagged
  m_Icon: {fileID: 0}
  m_NavMeshLayer: 0
  m_StaticEditorFlags: 0
  m_IsActive: 1
--- !u!4 &431330
Transform:
  m_ObjectHideFlags: 0
  m_CorrespondingSourceObject: {fileID: 0}
  m_PrefabInstance: {fileID: 0}
  m_PrefabAsset: {fileID: 0}
  m_GameObject: {fileID: 133442}
  m_LocalRotation: {x: -7.546048e-17, y: 8.239937e-18, z: 3.1658703e-17, w: 1}
  m_LocalPosition: {x: 0.0002784989, y: -0.0000017358652, z: 0.0000033413821}
  m_LocalScale: {x: 1, y: 1, z: 1}
  m_Children: []
  m_Father: {fileID: 462400}
  m_RootOrder: 0
  m_LocalEulerAnglesHint: {x: 0, y: 0, z: 0}
--- !u!1 &136064
GameObject:
  m_ObjectHideFlags: 0
  m_CorrespondingSourceObject: {fileID: 0}
  m_PrefabInstance: {fileID: 0}
  m_PrefabAsset: {fileID: 0}
  serializedVersion: 6
  m_Component:
  - component: {fileID: 408310}
  m_Layer: 0
  m_Name: L_Hip_J
  m_TagString: Untagged
  m_Icon: {fileID: 0}
  m_NavMeshLayer: 0
  m_StaticEditorFlags: 0
  m_IsActive: 1
--- !u!4 &408310
Transform:
  m_ObjectHideFlags: 0
  m_CorrespondingSourceObject: {fileID: 0}
  m_PrefabInstance: {fileID: 0}
  m_PrefabAsset: {fileID: 0}
  m_GameObject: {fileID: 136064}
  m_LocalRotation: {x: -0.27833986, y: -0.7135942, z: -0.24594106, w: 0.59398925}
  m_LocalPosition: {x: -0.0006421539, y: -0.000045266308, z: 0.0000015095011}
  m_LocalScale: {x: 1, y: 1, z: 1}
  m_Children:
  - {fileID: 442582}
  m_Father: {fileID: 405336}
  m_RootOrder: 0
  m_LocalEulerAnglesHint: {x: -42.974, y: -103.7075, z: 8.2565}
--- !u!1 &136868
GameObject:
  m_ObjectHideFlags: 0
  m_CorrespondingSourceObject: {fileID: 0}
  m_PrefabInstance: {fileID: 0}
  m_PrefabAsset: {fileID: 0}
  serializedVersion: 6
  m_Component:
  - component: {fileID: 488308}
  m_Layer: 0
  m_Name: R_Ball_J
  m_TagString: Untagged
  m_Icon: {fileID: 0}
  m_NavMeshLayer: 0
  m_StaticEditorFlags: 0
  m_IsActive: 1
--- !u!4 &488308
Transform:
  m_ObjectHideFlags: 0
  m_CorrespondingSourceObject: {fileID: 0}
  m_PrefabInstance: {fileID: 0}
  m_PrefabAsset: {fileID: 0}
  m_GameObject: {fileID: 136868}
  m_LocalRotation: {x: -0.00089967437, y: -0.002882583, z: -0.26036212, w: 0.9655063}
  m_LocalPosition: {x: 0.0009365495, y: -4.607716e-12, z: 9.546172e-11}
  m_LocalScale: {x: 1, y: 1, z: 1}
  m_Children:
  - {fileID: 498108}
  m_Father: {fileID: 474066}
  m_RootOrder: 0
  m_LocalEulerAnglesHint: {x: -0.1855, y: -0.29209998, z: -30.182798}
--- !u!1 &139414
GameObject:
  m_ObjectHideFlags: 0
  m_CorrespondingSourceObject: {fileID: 0}
  m_PrefabInstance: {fileID: 0}
  m_PrefabAsset: {fileID: 0}
  serializedVersion: 6
  m_Component:
  - component: {fileID: 495162}
  - component: {fileID: 9593502}
  m_Layer: 0
  m_Name: Runner_Demo
  m_TagString: Untagged
  m_Icon: {fileID: 0}
  m_NavMeshLayer: 0
  m_StaticEditorFlags: 0
  m_IsActive: 1
--- !u!4 &495162
Transform:
  m_ObjectHideFlags: 0
  m_CorrespondingSourceObject: {fileID: 0}
  m_PrefabInstance: {fileID: 0}
  m_PrefabAsset: {fileID: 0}
  m_GameObject: {fileID: 139414}
  m_LocalRotation: {x: 0, y: 0, z: 0, w: 1}
  m_LocalPosition: {x: 0, y: 0, z: 0}
  m_LocalScale: {x: 100, y: 100, z: 100}
  m_Children:
  - {fileID: 499796}
  - {fileID: 495048}
  m_Father: {fileID: 0}
  m_RootOrder: 0
  m_LocalEulerAnglesHint: {x: 0, y: 0, z: 0}
--- !u!95 &9593502
Animator:
  serializedVersion: 3
  m_ObjectHideFlags: 0
  m_CorrespondingSourceObject: {fileID: 0}
  m_PrefabInstance: {fileID: 0}
  m_PrefabAsset: {fileID: 0}
  m_GameObject: {fileID: 139414}
  m_Enabled: 1
  m_Avatar: {fileID: 9000000, guid: e7f5b7a929e35b24b9146d763b3e456b, type: 3}
  m_Controller: {fileID: 9100000, guid: 525bfad7d4615db4aacd1e600b34ac66, type: 2}
  m_CullingMode: 1
  m_UpdateMode: 0
  m_ApplyRootMotion: 0
  m_LinearVelocityBlending: 0
  m_WarningMessage: 
  m_HasTransformHierarchy: 1
  m_AllowConstantClipSamplingOptimization: 1
  m_KeepAnimatorControllerStateOnDisable: 0
--- !u!1 &141870
GameObject:
  m_ObjectHideFlags: 0
  m_CorrespondingSourceObject: {fileID: 0}
  m_PrefabInstance: {fileID: 0}
  m_PrefabAsset: {fileID: 0}
  serializedVersion: 6
  m_Component:
  - component: {fileID: 435448}
  m_Layer: 0
  m_Name: R_Hip_J
  m_TagString: Untagged
  m_Icon: {fileID: 0}
  m_NavMeshLayer: 0
  m_StaticEditorFlags: 0
  m_IsActive: 1
--- !u!4 &435448
Transform:
  m_ObjectHideFlags: 0
  m_CorrespondingSourceObject: {fileID: 0}
  m_PrefabInstance: {fileID: 0}
  m_PrefabAsset: {fileID: 0}
  m_GameObject: {fileID: 141870}
  m_LocalRotation: {x: -0.61342573, y: 0.24709915, z: 0.6896742, w: 0.29495826}
  m_LocalPosition: {x: -0.000033297216, y: -0.00064253353, z: 0.00002142657}
  m_LocalScale: {x: 1, y: 1, z: 1}
  m_Children:
  - {fileID: 447372}
  m_Father: {fileID: 405336}
  m_RootOrder: 1
  m_LocalEulerAnglesHint: {x: -44.6445, y: -79.8565, z: 171.61949}
--- !u!1 &148622
GameObject:
  m_ObjectHideFlags: 0
  m_CorrespondingSourceObject: {fileID: 0}
  m_PrefabInstance: {fileID: 0}
  m_PrefabAsset: {fileID: 0}
  serializedVersion: 6
  m_Component:
  - component: {fileID: 405336}
  m_Layer: 0
  m_Name: Pelvis_Jnt
  m_TagString: Untagged
  m_Icon: {fileID: 0}
  m_NavMeshLayer: 0
  m_StaticEditorFlags: 0
  m_IsActive: 1
--- !u!4 &405336
Transform:
  m_ObjectHideFlags: 0
  m_CorrespondingSourceObject: {fileID: 0}
  m_PrefabInstance: {fileID: 0}
  m_PrefabAsset: {fileID: 0}
  m_GameObject: {fileID: 148622}
  m_LocalRotation: {x: 0.0044154446, y: 0.010806454, z: 0.3782124, w: 0.92564523}
  m_LocalPosition: {x: 8.470329e-24, y: 0, z: 0}
  m_LocalScale: {x: 1, y: 1, z: 1}
  m_Children:
  - {fileID: 408310}
  - {fileID: 435448}
  m_Father: {fileID: 495048}
  m_RootOrder: 0
  m_LocalEulerAnglesHint: {x: 0, y: 1.3377, z: 44.4492}
--- !u!1 &152072
GameObject:
  m_ObjectHideFlags: 0
  m_CorrespondingSourceObject: {fileID: 0}
  m_PrefabInstance: {fileID: 0}
  m_PrefabAsset: {fileID: 0}
  serializedVersion: 6
  m_Component:
  - component: {fileID: 449052}
  m_Layer: 0
  m_Name: Left_Thumb_Jnt_01
  m_TagString: Untagged
  m_Icon: {fileID: 0}
  m_NavMeshLayer: 0
  m_StaticEditorFlags: 0
  m_IsActive: 1
--- !u!4 &449052
Transform:
  m_ObjectHideFlags: 0
  m_CorrespondingSourceObject: {fileID: 0}
  m_PrefabInstance: {fileID: 0}
  m_PrefabAsset: {fileID: 0}
  m_GameObject: {fileID: 152072}
  m_LocalRotation: {x: 0.71288365, y: 0.36774507, z: -0.15271606, w: 0.57726794}
  m_LocalPosition: {x: -0.00013530625, y: -0.000172454, z: 0.00023503456}
  m_LocalScale: {x: 1, y: 1, z: 1}
  m_Children:
  - {fileID: 484966}
  m_Father: {fileID: 411260}
  m_RootOrder: 2
  m_LocalEulerAnglesHint: {x: 69.2882, y: 144.2087, z: 100.269394}
--- !u!1 &153178
GameObject:
  m_ObjectHideFlags: 0
  m_CorrespondingSourceObject: {fileID: 0}
  m_PrefabInstance: {fileID: 0}
  m_PrefabAsset: {fileID: 0}
  serializedVersion: 6
  m_Component:
  - component: {fileID: 415206}
  m_Layer: 0
  m_Name: Right_Thumb_Jnt_02
  m_TagString: Untagged
  m_Icon: {fileID: 0}
  m_NavMeshLayer: 0
  m_StaticEditorFlags: 0
  m_IsActive: 1
--- !u!4 &415206
Transform:
  m_ObjectHideFlags: 0
  m_CorrespondingSourceObject: {fileID: 0}
  m_PrefabInstance: {fileID: 0}
  m_PrefabAsset: {fileID: 0}
  m_GameObject: {fileID: 153178}
  m_LocalRotation: {x: 0.06433571, y: -0.0027056327, z: 0.04559535, w: 0.9968825}
  m_LocalPosition: {x: 0.00015530623, y: 0.000011246744, z: -2.9894767e-10}
  m_LocalScale: {x: 1, y: 1, z: 1}
  m_Children: []
  m_Father: {fileID: 483320}
  m_RootOrder: 0
  m_LocalEulerAnglesHint: {x: 7.3838997, y: 0.0273, z: 5.2393}
--- !u!1 &153542
GameObject:
  m_ObjectHideFlags: 0
  m_CorrespondingSourceObject: {fileID: 0}
  m_PrefabInstance: {fileID: 0}
  m_PrefabAsset: {fileID: 0}
  serializedVersion: 6
  m_Component:
  - component: {fileID: 443488}
  m_Layer: 0
  m_Name: Left_Fingers_02_Jnt
  m_TagString: Untagged
  m_Icon: {fileID: 0}
  m_NavMeshLayer: 0
  m_StaticEditorFlags: 0
  m_IsActive: 1
--- !u!4 &443488
Transform:
  m_ObjectHideFlags: 0
  m_CorrespondingSourceObject: {fileID: 0}
  m_PrefabInstance: {fileID: 0}
  m_PrefabAsset: {fileID: 0}
  m_GameObject: {fileID: 153542}
  m_LocalRotation: {x: 1.474515e-17, y: -5.421011e-18, z: -7.02563e-17, w: 1}
  m_LocalPosition: {x: -0.00027850523, y: 0.0000017381616, z: -0.000003340123}
  m_LocalScale: {x: 1, y: 1, z: 1}
  m_Children: []
  m_Father: {fileID: 415716}
  m_RootOrder: 0
  m_LocalEulerAnglesHint: {x: 0, y: 0, z: 0}
--- !u!1 &157234
GameObject:
  m_ObjectHideFlags: 0
  m_CorrespondingSourceObject: {fileID: 0}
  m_PrefabInstance: {fileID: 0}
  m_PrefabAsset: {fileID: 0}
  serializedVersion: 6
  m_Component:
  - component: {fileID: 453002}
  m_Layer: 0
  m_Name: Left_Clavicle_Jnt
  m_TagString: Untagged
  m_Icon: {fileID: 0}
  m_NavMeshLayer: 0
  m_StaticEditorFlags: 0
  m_IsActive: 1
--- !u!4 &453002
Transform:
  m_ObjectHideFlags: 0
  m_CorrespondingSourceObject: {fileID: 0}
  m_PrefabInstance: {fileID: 0}
  m_PrefabAsset: {fileID: 0}
  m_GameObject: {fileID: 157234}
  m_LocalRotation: {x: -0.5752265, y: 0.40404308, z: 0.38638118, w: 0.5971376}
  m_LocalPosition: {x: -0.0009308186, y: -0.00013973248, z: 0.0004367451}
  m_LocalScale: {x: 1, y: 1, z: 1}
  m_Children:
  - {fileID: 443660}
  m_Father: {fileID: 480110}
  m_RootOrder: 1
  m_LocalEulerAnglesHint: {x: -87.7195, y: 72.859695, z: -4.8828998}
--- !u!1 &157268
GameObject:
  m_ObjectHideFlags: 0
  m_CorrespondingSourceObject: {fileID: 0}
  m_PrefabInstance: {fileID: 0}
  m_PrefabAsset: {fileID: 0}
  serializedVersion: 6
  m_Component:
  - component: {fileID: 499796}
  m_Layer: 0
  m_Name: Batch_21
  m_TagString: Untagged
  m_Icon: {fileID: 0}
  m_NavMeshLayer: 0
  m_StaticEditorFlags: 0
  m_IsActive: 1
--- !u!4 &499796
Transform:
  m_ObjectHideFlags: 0
  m_CorrespondingSourceObject: {fileID: 0}
  m_PrefabInstance: {fileID: 0}
  m_PrefabAsset: {fileID: 0}
  m_GameObject: {fileID: 157268}
  m_LocalRotation: {x: 0, y: 0, z: 0, w: 1}
  m_LocalPosition: {x: 0, y: 0.003979524, z: 0.0006190371}
  m_LocalScale: {x: 1, y: 1, z: 1}
  m_Children:
  - {fileID: 493510}
  m_Father: {fileID: 495162}
  m_RootOrder: 0
  m_LocalEulerAnglesHint: {x: 0, y: 0, z: 0}
--- !u!1 &164634
GameObject:
  m_ObjectHideFlags: 0
  m_CorrespondingSourceObject: {fileID: 0}
  m_PrefabInstance: {fileID: 0}
  m_PrefabAsset: {fileID: 0}
  serializedVersion: 6
  m_Component:
  - component: {fileID: 474066}
  m_Layer: 0
  m_Name: R_Ankle_J
  m_TagString: Untagged
  m_Icon: {fileID: 0}
  m_NavMeshLayer: 0
  m_StaticEditorFlags: 0
  m_IsActive: 1
--- !u!4 &474066
Transform:
  m_ObjectHideFlags: 0
  m_CorrespondingSourceObject: {fileID: 0}
  m_PrefabInstance: {fileID: 0}
  m_PrefabAsset: {fileID: 0}
  m_GameObject: {fileID: 164634}
  m_LocalRotation: {x: 0.84452456, y: 0.53551406, z: -0.0015356715, w: 0.0008532903}
  m_LocalPosition: {x: 0.0019045076, y: -0.00018676973, z: -0.000009498609}
  m_LocalScale: {x: 1, y: 1, z: 1}
  m_Children:
  - {fileID: 488308}
  m_Father: {fileID: 447372}
  m_RootOrder: 0
  m_LocalEulerAnglesHint: {x: 0.1768, y: -179.9037, z: 115.2425}
--- !u!1 &165522
GameObject:
  m_ObjectHideFlags: 0
  m_CorrespondingSourceObject: {fileID: 0}
  m_PrefabInstance: {fileID: 0}
  m_PrefabAsset: {fileID: 0}
  serializedVersion: 6
  m_Component:
  - component: {fileID: 466832}
  m_Layer: 0
  m_Name: Right_Elbow_Jnt
  m_TagString: Untagged
  m_Icon: {fileID: 0}
  m_NavMeshLayer: 0
  m_StaticEditorFlags: 0
  m_IsActive: 1
--- !u!4 &466832
Transform:
  m_ObjectHideFlags: 0
  m_CorrespondingSourceObject: {fileID: 0}
  m_PrefabInstance: {fileID: 0}
  m_PrefabAsset: {fileID: 0}
  m_GameObject: {fileID: 165522}
  m_LocalRotation: {x: -0.0008018828, y: 0.042375162, z: -0.009427253, w: 0.999057}
  m_LocalPosition: {x: 0.001371852, y: 0.00000944642, z: -0.0000067817855}
  m_LocalScale: {x: 1, y: 1, z: 1}
  m_Children:
  - {fileID: 419662}
  m_Father: {fileID: 450394}
  m_RootOrder: 0
  m_LocalEulerAnglesHint: {x: -0.046, y: 4.8578997, z: -1.0833}
--- !u!1 &167126
GameObject:
  m_ObjectHideFlags: 0
  m_CorrespondingSourceObject: {fileID: 0}
  m_PrefabInstance: {fileID: 0}
  m_PrefabAsset: {fileID: 0}
  serializedVersion: 6
  m_Component:
  - component: {fileID: 437796}
  m_Layer: 0
  m_Name: L_Toe_J
  m_TagString: Untagged
  m_Icon: {fileID: 0}
  m_NavMeshLayer: 0
  m_StaticEditorFlags: 0
  m_IsActive: 1
--- !u!4 &437796
Transform:
  m_ObjectHideFlags: 0
  m_CorrespondingSourceObject: {fileID: 0}
  m_PrefabInstance: {fileID: 0}
  m_PrefabAsset: {fileID: 0}
  m_GameObject: {fileID: 167126}
  m_LocalRotation: {x: -0.027550606, y: -0.08010802, z: 0.0058123376, w: 0.99638844}
  m_LocalPosition: {x: -0.00034876383, y: 9.4386995e-20, z: -8.4567766e-20}
  m_LocalScale: {x: 1, y: 1, z: 1}
  m_Children: []
  m_Father: {fileID: 475936}
  m_RootOrder: 0
  m_LocalEulerAnglesHint: {x: -3.0937998, y: -9.217999, z: 0.91789997}
--- !u!1 &175108
GameObject:
  m_ObjectHideFlags: 0
  m_CorrespondingSourceObject: {fileID: 0}
  m_PrefabInstance: {fileID: 0}
  m_PrefabAsset: {fileID: 0}
  serializedVersion: 6
  m_Component:
  - component: {fileID: 420408}
  m_Layer: 0
  m_Name: Extra2_J
  m_TagString: Untagged
  m_Icon: {fileID: 0}
  m_NavMeshLayer: 0
  m_StaticEditorFlags: 0
  m_IsActive: 1
--- !u!4 &420408
Transform:
  m_ObjectHideFlags: 0
  m_CorrespondingSourceObject: {fileID: 0}
  m_PrefabInstance: {fileID: 0}
  m_PrefabAsset: {fileID: 0}
  m_GameObject: {fileID: 175108}
  m_LocalRotation: {x: 0.9997418, y: 0.02027827, z: 0.0034730982, w: -0.009651887}
  m_LocalPosition: {x: 0.0003485817, y: 0.00028215576, z: 0.000022765214}
  m_LocalScale: {x: 1, y: 1, z: 1}
  m_Children: []
  m_Father: {fileID: 419662}
  m_RootOrder: 0
  m_LocalEulerAnglesHint: {x: -1.1139, y: 179.6245, z: 177.6796}
--- !u!1 &179656
GameObject:
  m_ObjectHideFlags: 0
  m_CorrespondingSourceObject: {fileID: 0}
  m_PrefabInstance: {fileID: 0}
  m_PrefabAsset: {fileID: 0}
  serializedVersion: 6
  m_Component:
  - component: {fileID: 449538}
  m_Layer: 0
  m_Name: Spine_01_J
  m_TagString: Untagged
  m_Icon: {fileID: 0}
  m_NavMeshLayer: 0
  m_StaticEditorFlags: 0
  m_IsActive: 1
--- !u!4 &449538
Transform:
  m_ObjectHideFlags: 0
  m_CorrespondingSourceObject: {fileID: 0}
  m_PrefabInstance: {fileID: 0}
  m_PrefabAsset: {fileID: 0}
  m_GameObject: {fileID: 179656}
  m_LocalRotation: {x: 0.49926686, y: -0.500738, z: -0.4992609, w: 0.50073206}
  m_LocalPosition: {x: -0.00000006253125, y: 0.0007534315, z: 0.00005266107}
  m_LocalScale: {x: 1, y: 1, z: 1}
  m_Children:
  - {fileID: 480110}
  m_Father: {fileID: 495048}
  m_RootOrder: 1
  m_LocalEulerAnglesHint: {x: 0, y: -90.000694, z: -89.8314}
--- !u!1 &183288
GameObject:
  m_ObjectHideFlags: 0
  m_CorrespondingSourceObject: {fileID: 0}
  m_PrefabInstance: {fileID: 0}
  m_PrefabAsset: {fileID: 0}
  serializedVersion: 6
  m_Component:
  - component: {fileID: 450394}
  m_Layer: 0
  m_Name: Right_Shoulder_Jnt
  m_TagString: Untagged
  m_Icon: {fileID: 0}
  m_NavMeshLayer: 0
  m_StaticEditorFlags: 0
  m_IsActive: 1
--- !u!4 &450394
Transform:
  m_ObjectHideFlags: 0
  m_CorrespondingSourceObject: {fileID: 0}
  m_PrefabInstance: {fileID: 0}
  m_PrefabAsset: {fileID: 0}
  m_GameObject: {fileID: 183288}
  m_LocalRotation: {x: 0.15642041, y: 0.012504783, z: 0.21639113, w: 0.96361357}
  m_LocalPosition: {x: 0.00041472685, y: 0.00004328453, z: -2.4078442e-10}
  m_LocalScale: {x: 1, y: 1, z: 1}
  m_Children:
  - {fileID: 466832}
  m_Father: {fileID: 485552}
  m_RootOrder: 0
  m_LocalEulerAnglesHint: {x: 17.220299, y: 5.5148, z: 26.148699}
--- !u!1 &186182
GameObject:
  m_ObjectHideFlags: 0
  m_CorrespondingSourceObject: {fileID: 0}
  m_PrefabInstance: {fileID: 0}
  m_PrefabAsset: {fileID: 0}
  serializedVersion: 6
  m_Component:
  - component: {fileID: 495048}
  m_Layer: 0
  m_Name: Root_Jnt
  m_TagString: Untagged
  m_Icon: {fileID: 0}
  m_NavMeshLayer: 0
  m_StaticEditorFlags: 0
  m_IsActive: 1
--- !u!4 &495048
Transform:
  m_ObjectHideFlags: 0
  m_CorrespondingSourceObject: {fileID: 0}
  m_PrefabInstance: {fileID: 0}
  m_PrefabAsset: {fileID: 0}
  m_GameObject: {fileID: 186182}
  m_LocalRotation: {x: 0, y: 0, z: 0, w: 1}
  m_LocalPosition: {x: 0.00000006477945, y: 0.004862784, z: -0.00010341087}
  m_LocalScale: {x: 1, y: 1, z: 1}
  m_Children:
  - {fileID: 405336}
  - {fileID: 449538}
  m_Father: {fileID: 495162}
  m_RootOrder: 1
  m_LocalEulerAnglesHint: {x: 0, y: 0, z: 0}
--- !u!1 &186322
GameObject:
  m_ObjectHideFlags: 0
  m_CorrespondingSourceObject: {fileID: 0}
  m_PrefabInstance: {fileID: 0}
  m_PrefabAsset: {fileID: 0}
  serializedVersion: 6
  m_Component:
  - component: {fileID: 483320}
  m_Layer: 0
  m_Name: Right_Thumb_Jnt_01
  m_TagString: Untagged
  m_Icon: {fileID: 0}
  m_NavMeshLayer: 0
  m_StaticEditorFlags: 0
  m_IsActive: 1
--- !u!4 &483320
Transform:
  m_ObjectHideFlags: 0
  m_CorrespondingSourceObject: {fileID: 0}
  m_PrefabInstance: {fileID: 0}
  m_PrefabAsset: {fileID: 0}
  m_GameObject: {fileID: 186322}
  m_LocalRotation: {x: 0.6953267, y: 0.37095582, z: -0.15543874, w: 0.5956101}
  m_LocalPosition: {x: 0.00013208142, y: 0.0001637734, z: -0.00024294117}
  m_LocalScale: {x: 1, y: 1, z: 1}
  m_Children:
  - {fileID: 415206}
  m_Father: {fileID: 419662}
  m_RootOrder: 2
  m_LocalEulerAnglesHint: {x: 70.6668, y: 137.013, z: 92.6455}
--- !u!1 &189436
GameObject:
  m_ObjectHideFlags: 0
  m_CorrespondingSourceObject: {fileID: 0}
  m_PrefabInstance: {fileID: 0}
  m_PrefabAsset: {fileID: 0}
  serializedVersion: 6
  m_Component:
  - component: {fileID: 411260}
  m_Layer: 0
  m_Name: Left_Wrist_Jnt
  m_TagString: Untagged
  m_Icon: {fileID: 0}
  m_NavMeshLayer: 0
  m_StaticEditorFlags: 0
  m_IsActive: 1
--- !u!4 &411260
Transform:
  m_ObjectHideFlags: 0
  m_CorrespondingSourceObject: {fileID: 0}
  m_PrefabInstance: {fileID: 0}
  m_PrefabAsset: {fileID: 0}
  m_GameObject: {fileID: 189436}
  m_LocalRotation: {x: -0.16308318, y: -0.018576529, z: -0.046144474, w: 0.9853576}
  m_LocalPosition: {x: -0.0014382958, y: 0.000000061662554, z: 0.00000040888574}
  m_LocalScale: {x: 1, y: 1, z: 1}
  m_Children:
  - {fileID: 485564}
  - {fileID: 415716}
  - {fileID: 449052}
  m_Father: {fileID: 438122}
  m_RootOrder: 0
  m_LocalEulerAnglesHint: {x: -18.8508, y: -1.3053, z: -5.1457996}
--- !u!1 &198626
GameObject:
  m_ObjectHideFlags: 0
  m_CorrespondingSourceObject: {fileID: 0}
  m_PrefabInstance: {fileID: 0}
  m_PrefabAsset: {fileID: 0}
  serializedVersion: 6
  m_Component:
  - component: {fileID: 462400}
  m_Layer: 0
  m_Name: Right_Fingers_Jnt_01
  m_TagString: Untagged
  m_Icon: {fileID: 0}
  m_NavMeshLayer: 0
  m_StaticEditorFlags: 0
  m_IsActive: 1
--- !u!4 &462400
Transform:
  m_ObjectHideFlags: 0
  m_CorrespondingSourceObject: {fileID: 0}
  m_PrefabInstance: {fileID: 0}
  m_PrefabAsset: {fileID: 0}
  m_GameObject: {fileID: 198626}
  m_LocalRotation: {x: -0.041538283, y: -0.03524008, z: 0.04029312, w: 0.99770194}
  m_LocalPosition: {x: 0.0003653476, y: 0.000043441425, z: 0.000016845152}
  m_LocalScale: {x: 1, y: 1, z: 1}
  m_Children:
  - {fileID: 431330}
  m_Father: {fileID: 419662}
  m_RootOrder: 1
  m_LocalEulerAnglesHint: {x: -4.5912, y: -4.2381997, z: 4.7953}
--- !u!1 &198690
GameObject:
  m_ObjectHideFlags: 0
  m_CorrespondingSourceObject: {fileID: 0}
  m_PrefabInstance: {fileID: 0}
  m_PrefabAsset: {fileID: 0}
  serializedVersion: 6
  m_Component:
  - component: {fileID: 415716}
  m_Layer: 0
  m_Name: Left_Fingers_Jnt_01
  m_TagString: Untagged
  m_Icon: {fileID: 0}
  m_NavMeshLayer: 0
  m_StaticEditorFlags: 0
  m_IsActive: 1
--- !u!4 &415716
Transform:
  m_ObjectHideFlags: 0
  m_CorrespondingSourceObject: {fileID: 0}
  m_PrefabInstance: {fileID: 0}
  m_PrefabAsset: {fileID: 0}
  m_GameObject: {fileID: 198690}
  m_LocalRotation: {x: -0.018197902, y: -0.03550094, z: 0.029503142, w: 0.9987683}
  m_LocalPosition: {x: -0.0003661369, y: -0.000035311245, z: -0.00001851718}
  m_LocalScale: {x: 1, y: 1, z: 1}
  m_Children:
  - {fileID: 443488}
  m_Father: {fileID: 411260}
  m_RootOrder: 1
  m_LocalEulerAnglesHint: {x: -1.9631, y: -4.1306, z: 3.4548}
