%YAML 1.1
%TAG !u! tag:unity3d.com,2011:
--- !u!1 &107268
GameObject:
  m_ObjectHideFlags: 0
  m_CorrespondingSourceObject: {fileID: 0}
  m_PrefabInstance: {fileID: 0}
  m_PrefabAsset: {fileID: 0}
  serializedVersion: 6
  m_Component:
  - component: {fileID: 411772}
  m_Layer: 0
  m_Name: Left_Wrist_Jnt
  m_TagString: Untagged
  m_Icon: {fileID: 0}
  m_NavMeshLayer: 0
  m_StaticEditorFlags: 0
  m_IsActive: 1
--- !u!4 &411772
Transform:
  m_ObjectHideFlags: 0
  m_CorrespondingSourceObject: {fileID: 0}
  m_PrefabInstance: {fileID: 0}
  m_PrefabAsset: {fileID: 0}
  m_GameObject: {fileID: 107268}
  m_LocalRotation: {x: 0.14048724, y: -0.028017726, z: 0.013971111, w: 0.98958737}
  m_LocalPosition: {x: -0.0018560914, y: -4.440892e-18, z: 3.4694467e-19}
  m_LocalScale: {x: 1, y: 1, z: 1}
  m_Children:
  - {fileID: 402874}
  - {fileID: 451542}
  - {fileID: 427480}
  - {fileID: 427176}
  m_Father: {fileID: 450694}
  m_RootOrder: 0
  m_LocalEulerAnglesHint: {x: 16.1905, y: -3.0756998, z: 1.1801}
--- !u!1 &110272
GameObject:
  m_ObjectHideFlags: 0
  m_CorrespondingSourceObject: {fileID: 0}
  m_PrefabInstance: {fileID: 0}
  m_PrefabAsset: {fileID: 0}
  serializedVersion: 6
  m_Component:
  - component: {fileID: 427080}
  m_Layer: 0
  m_Name: Right_Fingers_02_Jnt
  m_TagString: Untagged
  m_Icon: {fileID: 0}
  m_NavMeshLayer: 0
  m_StaticEditorFlags: 0
  m_IsActive: 1
--- !u!4 &427080
Transform:
  m_ObjectHideFlags: 0
  m_CorrespondingSourceObject: {fileID: 0}
  m_PrefabInstance: {fileID: 0}
  m_PrefabAsset: {fileID: 0}
  m_GameObject: {fileID: 110272}
  m_LocalRotation: {x: 0, y: 0, z: 0, w: 1}
  m_LocalPosition: {x: 0.000401785, y: -0.0000060450816, z: 0.000010959511}
  m_LocalScale: {x: 1, y: 1, z: 1}
  m_Children: []
  m_Father: {fileID: 463270}
  m_RootOrder: 0
  m_LocalEulerAnglesHint: {x: 0, y: 0, z: 0}
--- !u!1 &112008
GameObject:
  m_ObjectHideFlags: 0
  m_CorrespondingSourceObject: {fileID: 0}
  m_PrefabInstance: {fileID: 0}
  m_PrefabAsset: {fileID: 0}
  serializedVersion: 6
  m_Component:
  - component: {fileID: 461044}
  - component: {fileID: 3329328}
  - component: {fileID: 2313880}
  - component: {fileID: 9502228}
  m_Layer: 0
  m_Name: P_SkateBoard
  m_TagString: Untagged
  m_Icon: {fileID: 0}
  m_NavMeshLayer: 0
  m_StaticEditorFlags: 0
  m_IsActive: 1
--- !u!4 &461044
Transform:
  m_ObjectHideFlags: 0
  m_CorrespondingSourceObject: {fileID: 0}
  m_PrefabInstance: {fileID: 0}
  m_PrefabAsset: {fileID: 0}
  m_GameObject: {fileID: 112008}
  m_LocalRotation: {x: 0, y: 0, z: 0, w: 1}
  m_LocalPosition: {x: -0.00062, y: -0.00082, z: 0.00047}
  m_LocalScale: {x: 1.524584, y: 1.5245843, z: 1.1506034}
  m_Children: []
  m_Father: {fileID: 494930}
  m_RootOrder: 0
  m_LocalEulerAnglesHint: {x: 0, y: 0, z: 0}
--- !u!33 &3329328
MeshFilter:
  m_ObjectHideFlags: 0
  m_CorrespondingSourceObject: {fileID: 0}
  m_PrefabInstance: {fileID: 0}
  m_PrefabAsset: {fileID: 0}
  m_GameObject: {fileID: 112008}
  m_Mesh: {fileID: 4300002, guid: b85b4b8b44f270d489196774ff37e2af, type: 3}
--- !u!23 &2313880
MeshRenderer:
  m_ObjectHideFlags: 0
  m_CorrespondingSourceObject: {fileID: 0}
  m_PrefabInstance: {fileID: 0}
  m_PrefabAsset: {fileID: 0}
  m_GameObject: {fileID: 112008}
  m_Enabled: 1
  m_CastShadows: 1
  m_ReceiveShadows: 1
  m_DynamicOccludee: 1
  m_MotionVectors: 1
  m_LightProbeUsage: 1
  m_ReflectionProbeUsage: 1
  m_RenderingLayerMask: 1
  m_RendererPriority: 0
  m_Materials:
  - {fileID: 2100000, guid: a1d5a3abcbb18b0438c4b52ddb6b0c78, type: 2}
  m_StaticBatchInfo:
    firstSubMesh: 0
    subMeshCount: 0
  m_StaticBatchRoot: {fileID: 0}
  m_ProbeAnchor: {fileID: 0}
  m_LightProbeVolumeOverride: {fileID: 0}
  m_ScaleInLightmap: 1
  m_PreserveUVs: 0
  m_IgnoreNormalsForChartDetection: 0
  m_ImportantGI: 0
  m_StitchLightmapSeams: 0
  m_SelectedEditorRenderState: 3
  m_MinimumChartSize: 4
  m_AutoUVMaxDistance: 0.5
  m_AutoUVMaxAngle: 89
  m_LightmapParameters: {fileID: 0}
  m_SortingLayerID: 0
  m_SortingLayer: 0
  m_SortingOrder: 0
--- !u!95 &9502228
Animator:
  serializedVersion: 3
  m_ObjectHideFlags: 0
  m_CorrespondingSourceObject: {fileID: 0}
  m_PrefabInstance: {fileID: 0}
  m_PrefabAsset: {fileID: 0}
  m_GameObject: {fileID: 112008}
  m_Enabled: 1
  m_Avatar: {fileID: 9000000, guid: b85b4b8b44f270d489196774ff37e2af, type: 3}
  m_Controller: {fileID: 0}
  m_CullingMode: 0
  m_UpdateMode: 0
  m_ApplyRootMotion: 0
  m_LinearVelocityBlending: 0
  m_WarningMessage: 
  m_HasTransformHierarchy: 1
  m_AllowConstantClipSamplingOptimization: 1
  m_KeepAnimatorControllerStateOnDisable: 0
--- !u!1 &113074
GameObject:
  m_ObjectHideFlags: 0
  m_CorrespondingSourceObject: {fileID: 0}
  m_PrefabInstance: {fileID: 0}
  m_PrefabAsset: {fileID: 0}
  serializedVersion: 6
  m_Component:
  - component: {fileID: 414392}
  m_Layer: 0
  m_Name: Right_Clavicle_Jnt
  m_TagString: Untagged
  m_Icon: {fileID: 0}
  m_NavMeshLayer: 0
  m_StaticEditorFlags: 0
  m_IsActive: 1
--- !u!4 &414392
Transform:
  m_ObjectHideFlags: 0
  m_CorrespondingSourceObject: {fileID: 0}
  m_PrefabInstance: {fileID: 0}
  m_PrefabAsset: {fileID: 0}
  m_GameObject: {fileID: 113074}
  m_LocalRotation: {x: -0.4152166, y: -0.5680302, z: 0.58153015, w: -0.4083621}
  m_LocalPosition: {x: -0.001319218, y: -0.0003211075, z: -0.0005264371}
  m_LocalScale: {x: 1, y: 1, z: 1}
  m_Children:
  - {fileID: 415242}
  m_Father: {fileID: 438926}
  m_RootOrder: 2
  m_LocalEulerAnglesHint: {x: 88.7732, y: -62.537697, z: -171.2999}
--- !u!1 &121484
GameObject:
  m_ObjectHideFlags: 0
  m_CorrespondingSourceObject: {fileID: 0}
  m_PrefabInstance: {fileID: 0}
  m_PrefabAsset: {fileID: 0}
  serializedVersion: 6
  m_Component:
  - component: {fileID: 462260}
  m_Layer: 0
  m_Name: Pelvis_Jnt
  m_TagString: Untagged
  m_Icon: {fileID: 0}
  m_NavMeshLayer: 0
  m_StaticEditorFlags: 0
  m_IsActive: 1
--- !u!4 &462260
Transform:
  m_ObjectHideFlags: 0
  m_CorrespondingSourceObject: {fileID: 0}
  m_PrefabInstance: {fileID: 0}
  m_PrefabAsset: {fileID: 0}
  m_GameObject: {fileID: 121484}
  m_LocalRotation: {x: 0.0044154446, y: 0.010806454, z: 0.3782124, w: 0.92564523}
  m_LocalPosition: {x: 3.134022e-22, y: 3.330669e-18, z: 7.8062554e-19}
  m_LocalScale: {x: 1, y: 1, z: 1}
  m_Children:
  - {fileID: 412840}
  - {fileID: 475714}
  m_Father: {fileID: 490216}
  m_RootOrder: 0
  m_LocalEulerAnglesHint: {x: 0, y: 1.3377, z: 44.4492}
--- !u!1 &122086
GameObject:
  m_ObjectHideFlags: 0
  m_CorrespondingSourceObject: {fileID: 0}
  m_PrefabInstance: {fileID: 0}
  m_PrefabAsset: {fileID: 0}
  serializedVersion: 6
  m_Component:
  - component: {fileID: 409184}
  m_Layer: 0
  m_Name: Right_Thumb_Jnt_02
  m_TagString: Untagged
  m_Icon: {fileID: 0}
  m_NavMeshLayer: 0
  m_StaticEditorFlags: 0
  m_IsActive: 1
--- !u!4 &409184
Transform:
  m_ObjectHideFlags: 0
  m_CorrespondingSourceObject: {fileID: 0}
  m_PrefabInstance: {fileID: 0}
  m_PrefabAsset: {fileID: 0}
  m_GameObject: {fileID: 122086}
  m_LocalRotation: {x: 0.000000012904763, y: 2.3718605e-11, z: 0.001837971, w: 0.99999833}
  m_LocalPosition: {x: 0.00017769035, y: 0.000012871573, z: 0.000000008513657}
  m_LocalScale: {x: 1, y: 1, z: 1}
  m_Children: []
  m_Father: {fileID: 451234}
  m_RootOrder: 0
  m_LocalEulerAnglesHint: {x: 0, y: 0, z: 0.21059999}
--- !u!1 &123832
GameObject:
  m_ObjectHideFlags: 0
  m_CorrespondingSourceObject: {fileID: 0}
  m_PrefabInstance: {fileID: 0}
  m_PrefabAsset: {fileID: 0}
  serializedVersion: 6
  m_Component:
  - component: {fileID: 421934}
  m_Layer: 0
  m_Name: L_Knee_J
  m_TagString: Untagged
  m_Icon: {fileID: 0}
  m_NavMeshLayer: 0
  m_StaticEditorFlags: 0
  m_IsActive: 1
--- !u!4 &421934
Transform:
  m_ObjectHideFlags: 0
  m_CorrespondingSourceObject: {fileID: 0}
  m_PrefabInstance: {fileID: 0}
  m_PrefabAsset: {fileID: 0}
  m_GameObject: {fileID: 123832}
  m_LocalRotation: {x: 0.026568983, y: 0.03677928, z: 0.6925334, w: 0.71995765}
  m_LocalPosition: {x: 0.00009096144, y: -0.0019807373, z: 0.0000028295092}
  m_LocalScale: {x: 1, y: 1, z: 1}
  m_Children:
  - {fileID: 463784}
  m_Father: {fileID: 412840}
  m_RootOrder: 0
  m_LocalEulerAnglesHint: {x: -0.72679996, y: 5.1500998, z: 87.7427}
--- !u!1 &124628
GameObject:
  m_ObjectHideFlags: 0
  m_CorrespondingSourceObject: {fileID: 0}
  m_PrefabInstance: {fileID: 0}
  m_PrefabAsset: {fileID: 0}
  serializedVersion: 6
  m_Component:
  - component: {fileID: 404424}
  m_Layer: 0
  m_Name: Left_Fingers_02_Jnt
  m_TagString: Untagged
  m_Icon: {fileID: 0}
  m_NavMeshLayer: 0
  m_StaticEditorFlags: 0
  m_IsActive: 1
--- !u!4 &404424
Transform:
  m_ObjectHideFlags: 0
  m_CorrespondingSourceObject: {fileID: 0}
  m_PrefabInstance: {fileID: 0}
  m_PrefabAsset: {fileID: 0}
  m_GameObject: {fileID: 124628}
  m_LocalRotation: {x: 0, y: 0, z: 0, w: 1}
  m_LocalPosition: {x: -0.00040179014, y: 0.000006042203, z: -0.00001095894}
  m_LocalScale: {x: 1, y: 1, z: 1}
  m_Children: []
  m_Father: {fileID: 451542}
  m_RootOrder: 0
  m_LocalEulerAnglesHint: {x: 0, y: 0, z: 0}
--- !u!1 &134442
GameObject:
  m_ObjectHideFlags: 0
  m_CorrespondingSourceObject: {fileID: 0}
  m_PrefabInstance: {fileID: 0}
  m_PrefabAsset: {fileID: 0}
  serializedVersion: 6
  m_Component:
  - component: {fileID: 405346}
  m_Layer: 0
  m_Name: R_Knee_J
  m_TagString: Untagged
  m_Icon: {fileID: 0}
  m_NavMeshLayer: 0
  m_StaticEditorFlags: 0
  m_IsActive: 1
--- !u!4 &405346
Transform:
  m_ObjectHideFlags: 0
  m_CorrespondingSourceObject: {fileID: 0}
  m_PrefabInstance: {fileID: 0}
  m_PrefabAsset: {fileID: 0}
  m_GameObject: {fileID: 134442}
  m_LocalRotation: {x: 0.026568983, y: 0.03677928, z: 0.6925334, w: 0.71995765}
  m_LocalPosition: {x: -0.00009096172, y: 0.001980749, z: -0.00000282945}
  m_LocalScale: {x: 1, y: 1, z: 1}
  m_Children:
  - {fileID: 488504}
  m_Father: {fileID: 475714}
  m_RootOrder: 0
  m_LocalEulerAnglesHint: {x: -0.72679996, y: 5.1500998, z: 87.7427}
--- !u!1 &138534
GameObject:
  m_ObjectHideFlags: 0
  m_CorrespondingSourceObject: {fileID: 0}
  m_PrefabInstance: {fileID: 0}
  m_PrefabAsset: {fileID: 0}
  serializedVersion: 6
  m_Component:
  - component: {fileID: 469450}
  m_Layer: 0
  m_Name: Left_Clavicle_Jnt
  m_TagString: Untagged
  m_Icon: {fileID: 0}
  m_NavMeshLayer: 0
  m_StaticEditorFlags: 0
  m_IsActive: 1
--- !u!4 &469450
Transform:
  m_ObjectHideFlags: 0
  m_CorrespondingSourceObject: {fileID: 0}
  m_PrefabInstance: {fileID: 0}
  m_PrefabAsset: {fileID: 0}
  m_GameObject: {fileID: 138534}
  m_LocalRotation: {x: -0.5680373, y: 0.4152213, z: 0.40835693, w: 0.5815235}
  m_LocalPosition: {x: -0.00131922, y: -0.0003210954, z: 0.00052644446}
  m_LocalScale: {x: 1, y: 1, z: 1}
  m_Children:
  - {fileID: 406872}
  m_Father: {fileID: 438926}
  m_RootOrder: 1
  m_LocalEulerAnglesHint: {x: -88.773796, y: 62.594597, z: 8.6432}
--- !u!1 &144188
GameObject:
  m_ObjectHideFlags: 0
  m_CorrespondingSourceObject: {fileID: 0}
  m_PrefabInstance: {fileID: 0}
  m_PrefabAsset: {fileID: 0}
  serializedVersion: 6
  m_Component:
  - component: {fileID: 492718}
  m_Layer: 0
  m_Name: Batch_28
  m_TagString: Untagged
  m_Icon: {fileID: 0}
  m_NavMeshLayer: 0
  m_StaticEditorFlags: 0
  m_IsActive: 1
--- !u!4 &492718
Transform:
  m_ObjectHideFlags: 0
  m_CorrespondingSourceObject: {fileID: 0}
  m_PrefabInstance: {fileID: 0}
  m_PrefabAsset: {fileID: 0}
  m_GameObject: {fileID: 144188}
  m_LocalRotation: {x: 0, y: 0, z: 0, w: 1}
  m_LocalPosition: {x: 0, y: 0.0029972536, z: 0.0004963604}
  m_LocalScale: {x: 1, y: 1, z: 1}
  m_Children:
  - {fileID: 469492}
  m_Father: {fileID: 448250}
  m_RootOrder: 0
  m_LocalEulerAnglesHint: {x: 0, y: 0, z: 0}
--- !u!1 &151766
GameObject:
  m_ObjectHideFlags: 0
  m_CorrespondingSourceObject: {fileID: 0}
  m_PrefabInstance: {fileID: 0}
  m_PrefabAsset: {fileID: 0}
  serializedVersion: 6
  m_Component:
  - component: {fileID: 463270}
  m_Layer: 0
  m_Name: Right_Fingers_Jnt_01
  m_TagString: Untagged
  m_Icon: {fileID: 0}
  m_NavMeshLayer: 0
  m_StaticEditorFlags: 0
  m_IsActive: 1
--- !u!4 &463270
Transform:
  m_ObjectHideFlags: 0
  m_CorrespondingSourceObject: {fileID: 0}
  m_PrefabInstance: {fileID: 0}
  m_PrefabAsset: {fileID: 0}
  m_GameObject: {fileID: 151766}
  m_LocalRotation: {x: -0.017417617, y: -0.013608374, z: -0.020501357, w: 0.9995455}
  m_LocalPosition: {x: 0.00077847525, y: -0.000067614, z: 0.000007898341}
  m_LocalScale: {x: 1, y: 1, z: 1}
  m_Children:
  - {fileID: 427080}
  m_Father: {fileID: 427950}
  m_RootOrder: 1
  m_LocalEulerAnglesHint: {x: -2.0274, y: -1.5188999, z: -2.3230999}
--- !u!1 &152342
GameObject:
  m_ObjectHideFlags: 0
  m_CorrespondingSourceObject: {fileID: 0}
  m_PrefabInstance: {fileID: 0}
  m_PrefabAsset: {fileID: 0}
  serializedVersion: 6
  m_Component:
  - component: {fileID: 494930}
  m_Layer: 0
  m_Name: Extra2_J
  m_TagString: Untagged
  m_Icon: {fileID: 0}
  m_NavMeshLayer: 0
  m_StaticEditorFlags: 0
  m_IsActive: 1
--- !u!4 &494930
Transform:
  m_ObjectHideFlags: 0
  m_CorrespondingSourceObject: {fileID: 0}
  m_PrefabInstance: {fileID: 0}
  m_PrefabAsset: {fileID: 0}
  m_GameObject: {fileID: 152342}
  m_LocalRotation: {x: 0.9895664, y: -0.018382266, z: -0.024812737, w: 0.14072974}
  m_LocalPosition: {x: 0.0007535114, y: 0.00024227567, z: -0.00011276548}
  m_LocalScale: {x: 1, y: 1, z: 1}
  m_Children:
  - {fileID: 461044}
  m_Father: {fileID: 427950}
  m_RootOrder: 0
  m_LocalEulerAnglesHint: {x: 16.1176, y: -176.7609, z: -177.4128}
--- !u!1 &154834
GameObject:
  m_ObjectHideFlags: 0
  m_CorrespondingSourceObject: {fileID: 0}
  m_PrefabInstance: {fileID: 0}
  m_PrefabAsset: {fileID: 0}
  serializedVersion: 6
  m_Component:
  - component: {fileID: 427950}
  m_Layer: 0
  m_Name: Right_Wrist_Jnt
  m_TagString: Untagged
  m_Icon: {fileID: 0}
  m_NavMeshLayer: 0
  m_StaticEditorFlags: 0
  m_IsActive: 1
--- !u!4 &427950
Transform:
  m_ObjectHideFlags: 0
  m_CorrespondingSourceObject: {fileID: 0}
  m_PrefabInstance: {fileID: 0}
  m_PrefabAsset: {fileID: 0}
  m_GameObject: {fileID: 154834}
  m_LocalRotation: {x: 0.14054884, y: -0.028018383, z: 0.013970327, w: 0.9895786}
  m_LocalPosition: {x: 0.0018560946, y: 0.0000000049055644, z: 1.9891155e-10}
  m_LocalScale: {x: 1, y: 1, z: 1}
  m_Children:
  - {fileID: 494930}
  - {fileID: 463270}
  - {fileID: 451234}
  m_Father: {fileID: 496040}
  m_RootOrder: 0
  m_LocalEulerAnglesHint: {x: 16.1976, y: -3.0756998, z: 1.1798999}
--- !u!1 &156472
GameObject:
  m_ObjectHideFlags: 0
  m_CorrespondingSourceObject: {fileID: 0}
  m_PrefabInstance: {fileID: 0}
  m_PrefabAsset: {fileID: 0}
  serializedVersion: 6
  m_Component:
  - component: {fileID: 451542}
  m_Layer: 0
  m_Name: Left_Fingers_Jnt_01
  m_TagString: Untagged
  m_Icon: {fileID: 0}
  m_NavMeshLayer: 0
  m_StaticEditorFlags: 0
  m_IsActive: 1
--- !u!4 &451542
Transform:
  m_ObjectHideFlags: 0
  m_CorrespondingSourceObject: {fileID: 0}
  m_PrefabInstance: {fileID: 0}
  m_PrefabAsset: {fileID: 0}
  m_GameObject: {fileID: 156472}
  m_LocalRotation: {x: -0.017417617, y: -0.013608374, z: -0.020501357, w: 0.9995455}
  m_LocalPosition: {x: -0.00077847135, y: 0.00006761828, z: -0.000007897968}
  m_LocalScale: {x: 1, y: 1, z: 1}
  m_Children:
  - {fileID: 404424}
  m_Father: {fileID: 411772}
  m_RootOrder: 1
  m_LocalEulerAnglesHint: {x: -2.0274, y: -1.5188999, z: -2.3230999}
--- !u!1 &156578
GameObject:
  m_ObjectHideFlags: 0
  m_CorrespondingSourceObject: {fileID: 0}
  m_PrefabInstance: {fileID: 0}
  m_PrefabAsset: {fileID: 0}
  serializedVersion: 6
  m_Component:
  - component: {fileID: 412840}
  m_Layer: 0
  m_Name: L_Hip_J
  m_TagString: Untagged
  m_Icon: {fileID: 0}
  m_NavMeshLayer: 0
  m_StaticEditorFlags: 0
  m_IsActive: 1
--- !u!4 &412840
Transform:
  m_ObjectHideFlags: 0
  m_CorrespondingSourceObject: {fileID: 0}
  m_PrefabInstance: {fileID: 0}
  m_PrefabAsset: {fileID: 0}
  m_GameObject: {fileID: 156578}
  m_LocalRotation: {x: -0.28858715, y: -0.7371131, z: -0.23424512, w: 0.5643677}
  m_LocalPosition: {x: -0.00068445626, y: 0.00017658161, z: -0.0000042530705}
  m_LocalScale: {x: 1, y: 1, z: 1}
  m_Children:
  - {fileID: 421934}
  m_Father: {fileID: 462260}
  m_RootOrder: 0
  m_LocalEulerAnglesHint: {x: -42.149597, y: -109.9724, z: 12.5455}
--- !u!1 &157146
GameObject:
  m_ObjectHideFlags: 0
  m_CorrespondingSourceObject: {fileID: 0}
  m_PrefabInstance: {fileID: 0}
  m_PrefabAsset: {fileID: 0}
  serializedVersion: 6
  m_Component:
  - component: {fileID: 427480}
  m_Layer: 0
  m_Name: Left_Thumb_Jnt_01
  m_TagString: Untagged
  m_Icon: {fileID: 0}
  m_NavMeshLayer: 0
  m_StaticEditorFlags: 0
  m_IsActive: 1
--- !u!4 &427480
Transform:
  m_ObjectHideFlags: 0
  m_CorrespondingSourceObject: {fileID: 0}
  m_PrefabInstance: {fileID: 0}
  m_PrefabAsset: {fileID: 0}
  m_GameObject: {fileID: 157146}
  m_LocalRotation: {x: 0.7231073, y: 0.3863909, z: -0.16493914, w: 0.5482819}
  m_LocalPosition: {x: -0.0004281635, y: -0.0001347534, z: 0.00033273245}
  m_LocalScale: {x: 1, y: 1, z: 1}
  m_Children:
  - {fileID: 488616}
  m_Father: {fileID: 411772}
  m_RootOrder: 2
  m_LocalEulerAnglesHint: {x: 66.9839, y: 151.733, z: 104.845695}
--- !u!1 &158058
GameObject:
  m_ObjectHideFlags: 0
  m_CorrespondingSourceObject: {fileID: 0}
  m_PrefabInstance: {fileID: 0}
  m_PrefabAsset: {fileID: 0}
  serializedVersion: 6
  m_Component:
  - component: {fileID: 438926}
  m_Layer: 0
  m_Name: Spine_02_J
  m_TagString: Untagged
  m_Icon: {fileID: 0}
  m_NavMeshLayer: 0
  m_StaticEditorFlags: 0
  m_IsActive: 1
--- !u!4 &438926
Transform:
  m_ObjectHideFlags: 0
  m_CorrespondingSourceObject: {fileID: 0}
  m_PrefabInstance: {fileID: 0}
  m_PrefabAsset: {fileID: 0}
  m_GameObject: {fileID: 158058}
  m_LocalRotation: {x: 0, y: 0.00000027328025, z: 0.008028766, w: 0.9999678}
  m_LocalPosition: {x: -0.0008650548, y: -0.00000062154413, z: 2.8781015e-19}
  m_LocalScale: {x: 1, y: 1, z: 1}
  m_Children:
  - {fileID: 433020}
  - {fileID: 469450}
  - {fileID: 414392}
  m_Father: {fileID: 481000}
  m_RootOrder: 0
  m_LocalEulerAnglesHint: {x: 0, y: 0, z: 0.91999996}
--- !u!1 &168426
GameObject:
  m_ObjectHideFlags: 0
  m_CorrespondingSourceObject: {fileID: 0}
  m_PrefabInstance: {fileID: 0}
  m_PrefabAsset: {fileID: 0}
  serializedVersion: 6
  m_Component:
  - component: {fileID: 433020}
  m_Layer: 0
  m_Name: Head_Jnt_01
  m_TagString: Untagged
  m_Icon: {fileID: 0}
  m_NavMeshLayer: 0
  m_StaticEditorFlags: 0
  m_IsActive: 1
--- !u!4 &433020
Transform:
  m_ObjectHideFlags: 0
  m_CorrespondingSourceObject: {fileID: 0}
  m_PrefabInstance: {fileID: 0}
  m_PrefabAsset: {fileID: 0}
  m_GameObject: {fileID: 168426}
  m_LocalRotation: {x: 0.0000018282706, y: -0.0000054306156, z: 0.9992222, w: 0.039433602}
  m_LocalPosition: {x: -0.0020694765, y: -8.4307555e-18, z: 2.9222637e-22}
  m_LocalScale: {x: 1, y: 1, z: 1}
  m_Children: []
  m_Father: {fileID: 438926}
  m_RootOrder: 0
  m_LocalEulerAnglesHint: {x: 0.00059999997, y: 0.0002, z: 175.4801}
--- !u!1 &168896
GameObject:
  m_ObjectHideFlags: 0
  m_CorrespondingSourceObject: {fileID: 0}
  m_PrefabInstance: {fileID: 0}
  m_PrefabAsset: {fileID: 0}
  serializedVersion: 6
  m_Component:
  - component: {fileID: 496040}
  m_Layer: 0
  m_Name: Right_Elbow_Jnt
  m_TagString: Untagged
  m_Icon: {fileID: 0}
  m_NavMeshLayer: 0
  m_StaticEditorFlags: 0
  m_IsActive: 1
--- !u!4 &496040
Transform:
  m_ObjectHideFlags: 0
  m_CorrespondingSourceObject: {fileID: 0}
  m_PrefabInstance: {fileID: 0}
  m_PrefabAsset: {fileID: 0}
  m_GameObject: {fileID: 168896}
  m_LocalRotation: {x: -0.10716066, y: 0.013778564, z: 0.0031127469, w: 0.9941414}
  m_LocalPosition: {x: 0.001711629, y: 0.000002006693, z: 0.000006587944}
  m_LocalScale: {x: 1, y: 1, z: 1}
  m_Children:
  - {fileID: 427950}
  m_Father: {fileID: 415242}
  m_RootOrder: 0
  m_LocalEulerAnglesHint: {x: -12.307099, y: 1.5676999, z: 0.1898}
--- !u!1 &169624
GameObject:
  m_ObjectHideFlags: 0
  m_CorrespondingSourceObject: {fileID: 0}
  m_PrefabInstance: {fileID: 0}
  m_PrefabAsset: {fileID: 0}
  serializedVersion: 6
  m_Component:
  - component: {fileID: 488616}
  m_Layer: 0
  m_Name: Left_Thumb_Jnt_02
  m_TagString: Untagged
  m_Icon: {fileID: 0}
  m_NavMeshLayer: 0
  m_StaticEditorFlags: 0
  m_IsActive: 1
--- !u!4 &488616
Transform:
  m_ObjectHideFlags: 0
  m_CorrespondingSourceObject: {fileID: 0}
  m_PrefabInstance: {fileID: 0}
  m_PrefabAsset: {fileID: 0}
  m_GameObject: {fileID: 169624}
  m_LocalRotation: {x: 0, y: 0, z: 0.001837971, w: 0.99999833}
  m_LocalPosition: {x: -0.00017769136, y: -0.000012868317, z: 2.3107093e-12}
  m_LocalScale: {x: 1, y: 1, z: 1}
  m_Children: []
  m_Father: {fileID: 427480}
  m_RootOrder: 0
  m_LocalEulerAnglesHint: {x: 0, y: 0, z: 0.21059999}
--- !u!1 &170594
GameObject:
  m_ObjectHideFlags: 0
  m_CorrespondingSourceObject: {fileID: 0}
  m_PrefabInstance: {fileID: 0}
  m_PrefabAsset: {fileID: 0}
  serializedVersion: 6
  m_Component:
  - component: {fileID: 456692}
  m_Layer: 0
  m_Name: R_Ball_J
  m_TagString: Untagged
  m_Icon: {fileID: 0}
  m_NavMeshLayer: 0
  m_StaticEditorFlags: 0
  m_IsActive: 1
--- !u!4 &456692
Transform:
  m_ObjectHideFlags: 0
  m_CorrespondingSourceObject: {fileID: 0}
  m_PrefabInstance: {fileID: 0}
  m_PrefabAsset: {fileID: 0}
  m_GameObject: {fileID: 170594}
  m_LocalRotation: {x: -0.013284284, y: -0.0073952996, z: -0.13324799, w: 0.99096614}
  m_LocalPosition: {x: 0.0010300953, y: 0.000030688167, z: -0.000005557471}
  m_LocalScale: {x: 1, y: 1, z: 1}
  m_Children:
  - {fileID: 431702}
  m_Father: {fileID: 488504}
  m_RootOrder: 0
  m_LocalEulerAnglesHint: {x: -1.6216999, y: -0.6372, z: -15.3074}
--- !u!1 &173364
GameObject:
  m_ObjectHideFlags: 0
  m_CorrespondingSourceObject: {fileID: 0}
  m_PrefabInstance: {fileID: 0}
  m_PrefabAsset: {fileID: 0}
  serializedVersion: 6
  m_Component:
  - component: {fileID: 463784}
  m_Layer: 0
  m_Name: L_Ankle_J
  m_TagString: Untagged
  m_Icon: {fileID: 0}
  m_NavMeshLayer: 0
  m_StaticEditorFlags: 0
  m_IsActive: 1
--- !u!4 &463784
Transform:
  m_ObjectHideFlags: 0
  m_CorrespondingSourceObject: {fileID: 0}
  m_PrefabInstance: {fileID: 0}
  m_PrefabAsset: {fileID: 0}
  m_GameObject: {fileID: 173364}
  m_LocalRotation: {x: 0.7986913, y: 0.6012982, z: 0.017908834, w: -0.014561786}
  m_LocalPosition: {x: -0.002581509, y: 0.000015312822, z: 0.0000018573642}
  m_LocalScale: {x: 1, y: 1, z: 1}
  m_Children:
  - {fileID: 463846}
  m_Father: {fileID: 421934}
  m_RootOrder: 0
  m_LocalEulerAnglesHint: {x: -2.5676, y: 179.3637, z: 106.0654}
--- !u!1 &174460
GameObject:
  m_ObjectHideFlags: 0
  m_CorrespondingSourceObject: {fileID: 0}
  m_PrefabInstance: {fileID: 0}
  m_PrefabAsset: {fileID: 0}
  serializedVersion: 6
  m_Component:
  - component: {fileID: 475714}
  m_Layer: 0
  m_Name: R_Hip_J
  m_TagString: Untagged
  m_Icon: {fileID: 0}
  m_NavMeshLayer: 0
  m_StaticEditorFlags: 0
  m_IsActive: 1
--- !u!4 &475714
Transform:
  m_ObjectHideFlags: 0
  m_CorrespondingSourceObject: {fileID: 0}
  m_PrefabInstance: {fileID: 0}
  m_PrefabAsset: {fileID: 0}
  m_GameObject: {fileID: 174460}
  m_LocalRotation: {x: -0.61718506, y: 0.24869077, z: 0.68629193, w: 0.29366457}
  m_LocalPosition: {x: 0.0001893784, y: -0.00068060186, z: 0.000024331663}
  m_LocalScale: {x: 1, y: 1, z: 1}
  m_Children:
  - {fileID: 405346}
  m_Father: {fileID: 462260}
  m_RootOrder: 1
  m_LocalEulerAnglesHint: {x: -44.735897, y: -80.7267, z: 172.2247}
--- !u!1 &176688
GameObject:
  m_ObjectHideFlags: 0
  m_CorrespondingSourceObject: {fileID: 0}
  m_PrefabInstance: {fileID: 0}
  m_PrefabAsset: {fileID: 0}
  serializedVersion: 6
  m_Component:
  - component: {fileID: 488504}
  m_Layer: 0
  m_Name: R_Ankle_J
  m_TagString: Untagged
  m_Icon: {fileID: 0}
  m_NavMeshLayer: 0
  m_StaticEditorFlags: 0
  m_IsActive: 1
--- !u!4 &488504
Transform:
  m_ObjectHideFlags: 0
  m_CorrespondingSourceObject: {fileID: 0}
  m_PrefabInstance: {fileID: 0}
  m_PrefabAsset: {fileID: 0}
  m_GameObject: {fileID: 176688}
  m_LocalRotation: {x: 0.79864204, y: 0.60115993, z: -0.02010305, w: 0.019329756}
  m_LocalPosition: {x: 0.0025815049, y: -0.0000153131, z: -0.0000018577056}
  m_LocalScale: {x: 1, y: 1, z: 1}
  m_Children:
  - {fileID: 456692}
  m_Father: {fileID: 405346}
  m_RootOrder: 0
  m_LocalEulerAnglesHint: {x: 3.1555, y: -179.491, z: 106.074394}
--- !u!1 &177640
GameObject:
  m_ObjectHideFlags: 0
  m_CorrespondingSourceObject: {fileID: 0}
  m_PrefabInstance: {fileID: 0}
  m_PrefabAsset: {fileID: 0}
  serializedVersion: 6
  m_Component:
  - component: {fileID: 451234}
  m_Layer: 0
  m_Name: Right_Thumb_Jnt_01
  m_TagString: Untagged
  m_Icon: {fileID: 0}
  m_NavMeshLayer: 0
  m_StaticEditorFlags: 0
  m_IsActive: 1
--- !u!4 &451234
Transform:
  m_ObjectHideFlags: 0
  m_CorrespondingSourceObject: {fileID: 0}
  m_PrefabInstance: {fileID: 0}
  m_PrefabAsset: {fileID: 0}
  m_GameObject: {fileID: 177640}
  m_LocalRotation: {x: 0.7231073, y: 0.3863909, z: -0.16493914, w: 0.5482819}
  m_LocalPosition: {x: 0.00042815632, y: 0.00013475679, z: -0.00033273213}
  m_LocalScale: {x: 1, y: 1, z: 1}
  m_Children:
  - {fileID: 409184}
  m_Father: {fileID: 427950}
  m_RootOrder: 2
  m_LocalEulerAnglesHint: {x: 66.9839, y: 151.733, z: 104.845695}
--- !u!1 &178624
GameObject:
  m_ObjectHideFlags: 0
  m_CorrespondingSourceObject: {fileID: 0}
  m_PrefabInstance: {fileID: 0}
  m_PrefabAsset: {fileID: 0}
  serializedVersion: 6
  m_Component:
  - component: {fileID: 415242}
  m_Layer: 0
  m_Name: Right_Shoulder_Jnt
  m_TagString: Untagged
  m_Icon: {fileID: 0}
  m_NavMeshLayer: 0
  m_StaticEditorFlags: 0
  m_IsActive: 1
--- !u!4 &415242
Transform:
  m_ObjectHideFlags: 0
  m_CorrespondingSourceObject: {fileID: 0}
  m_PrefabInstance: {fileID: 0}
  m_PrefabAsset: {fileID: 0}
  m_GameObject: {fileID: 178624}
  m_LocalRotation: {x: 0.10675045, y: 0.011732405, z: 0.16287805, w: 0.9807841}
  m_LocalPosition: {x: 0.0005763804, y: -0.000000008110237, z: 1.088797e-10}
  m_LocalScale: {x: 1, y: 1, z: 1}
  m_Children:
  - {fileID: 496040}
  m_Father: {fileID: 414392}
  m_RootOrder: 0
  m_LocalEulerAnglesHint: {x: 11.863199, y: 3.3853, z: 19.2099}
--- !u!1 &181174
GameObject:
  m_ObjectHideFlags: 0
  m_CorrespondingSourceObject: {fileID: 0}
  m_PrefabInstance: {fileID: 0}
  m_PrefabAsset: {fileID: 0}
  serializedVersion: 6
  m_Component:
  - component: {fileID: 427176}
  m_Layer: 0
  m_Name: stick_J
  m_TagString: Untagged
  m_Icon: {fileID: 0}
  m_NavMeshLayer: 0
  m_StaticEditorFlags: 0
  m_IsActive: 1
--- !u!4 &427176
Transform:
  m_ObjectHideFlags: 0
  m_CorrespondingSourceObject: {fileID: 0}
  m_PrefabInstance: {fileID: 0}
  m_PrefabAsset: {fileID: 0}
  m_GameObject: {fileID: 181174}
  m_LocalRotation: {x: 0.00048015872, y: 0.022916203, z: -0.02046249, w: 0.9995279}
  m_LocalPosition: {x: 0.0027564212, y: -0.0039147413, z: 0.000496638}
  m_LocalScale: {x: 1, y: 1, z: 1}
  m_Children: []
  m_Father: {fileID: 411772}
  m_RootOrder: 3
  m_LocalEulerAnglesHint: {x: 0.1087, y: 2.6246, z: -2.3430998}
--- !u!1 &182250
GameObject:
  m_ObjectHideFlags: 0
  m_CorrespondingSourceObject: {fileID: 0}
  m_PrefabInstance: {fileID: 0}
  m_PrefabAsset: {fileID: 0}
  serializedVersion: 6
  m_Component:
  - component: {fileID: 463846}
  m_Layer: 0
  m_Name: L_Ball_J
  m_TagString: Untagged
  m_Icon: {fileID: 0}
  m_NavMeshLayer: 0
  m_StaticEditorFlags: 0
  m_IsActive: 1
--- !u!4 &463846
Transform:
  m_ObjectHideFlags: 0
  m_CorrespondingSourceObject: {fileID: 0}
  m_PrefabInstance: {fileID: 0}
  m_PrefabAsset: {fileID: 0}
  m_GameObject: {fileID: 182250}
  m_LocalRotation: {x: -0.004476624, y: -0.0049940506, z: 0.01592112, w: 0.9998508}
  m_LocalPosition: {x: -0.0010300962, y: -0.000030688574, z: 0.0000055576998}
  m_LocalScale: {x: 1, y: 1, z: 1}
  m_Children:
  - {fileID: 407070}
  m_Father: {fileID: 463784}
  m_RootOrder: 0
  m_LocalEulerAnglesHint: {x: -0.5038, y: -0.5804, z: 1.8270999}
--- !u!1 &183736
GameObject:
  m_ObjectHideFlags: 0
  m_CorrespondingSourceObject: {fileID: 0}
  m_PrefabInstance: {fileID: 0}
  m_PrefabAsset: {fileID: 0}
  serializedVersion: 6
  m_Component:
  - component: {fileID: 481000}
  m_Layer: 0
  m_Name: Spine_01_J
  m_TagString: Untagged
  m_Icon: {fileID: 0}
  m_NavMeshLayer: 0
  m_StaticEditorFlags: 0
  m_IsActive: 1
--- !u!4 &481000
Transform:
  m_ObjectHideFlags: 0
  m_CorrespondingSourceObject: {fileID: 0}
  m_PrefabInstance: {fileID: 0}
  m_PrefabAsset: {fileID: 0}
  m_GameObject: {fileID: 183736}
  m_LocalRotation: {x: 0.49926686, y: -0.500738, z: -0.4992609, w: 0.50073206}
  m_LocalPosition: {x: -0.00000007155025, y: 0.000896682, z: 0.000060770813}
  m_LocalScale: {x: 1, y: 1, z: 1}
  m_Children:
  - {fileID: 438926}
  m_Father: {fileID: 490216}
  m_RootOrder: 1
  m_LocalEulerAnglesHint: {x: 0, y: -90.000694, z: -89.8314}
--- !u!1 &185176
GameObject:
  m_ObjectHideFlags: 0
  m_CorrespondingSourceObject: {fileID: 0}
  m_PrefabInstance: {fileID: 0}
  m_PrefabAsset: {fileID: 0}
  serializedVersion: 6
  m_Component:
  - component: {fileID: 490216}
  m_Layer: 0
  m_Name: Root_Jnt
  m_TagString: Untagged
  m_Icon: {fileID: 0}
  m_NavMeshLayer: 0
  m_StaticEditorFlags: 0
  m_IsActive: 1
--- !u!4 &490216
Transform:
  m_ObjectHideFlags: 0
  m_CorrespondingSourceObject: {fileID: 0}
  m_PrefabInstance: {fileID: 0}
  m_PrefabAsset: {fileID: 0}
  m_GameObject: {fileID: 185176}
  m_LocalRotation: {x: 0, y: 0, z: 0, w: 1}
  m_LocalPosition: {x: 0.00000007411627, y: 0.005352285, z: 0.000046533347}
  m_LocalScale: {x: 1, y: 1, z: 1}
  m_Children:
  - {fileID: 462260}
  - {fileID: 481000}
  m_Father: {fileID: 448250}
  m_RootOrder: 1
  m_LocalEulerAnglesHint: {x: 0, y: 0, z: 0}
--- !u!1 &189850
GameObject:
  m_ObjectHideFlags: 0
  m_CorrespondingSourceObject: {fileID: 0}
  m_PrefabInstance: {fileID: 0}
  m_PrefabAsset: {fileID: 0}
  serializedVersion: 6
  m_Component:
  - component: {fileID: 469492}
  - component: {fileID: 13722948}
  m_Layer: 0
  m_Name: Batch_28_Ch_05_Avatar
  m_TagString: Untagged
  m_Icon: {fileID: 0}
  m_NavMeshLayer: 0
  m_StaticEditorFlags: 0
  m_IsActive: 1
--- !u!4 &469492
Transform:
  m_ObjectHideFlags: 0
  m_CorrespondingSourceObject: {fileID: 0}
  m_PrefabInstance: {fileID: 0}
  m_PrefabAsset: {fileID: 0}
  m_GameObject: {fileID: 189850}
  m_LocalRotation: {x: 0, y: 0, z: 0, w: 1}
  m_LocalPosition: {x: -0, y: -0.0029972536, z: -0.0004963604}
  m_LocalScale: {x: 1, y: 1, z: 1}
  m_Children: []
  m_Father: {fileID: 492718}
  m_RootOrder: 0
  m_LocalEulerAnglesHint: {x: 0, y: 0, z: 0}
--- !u!137 &13722948
SkinnedMeshRenderer:
  m_ObjectHideFlags: 0
  m_CorrespondingSourceObject: {fileID: 0}
  m_PrefabInstance: {fileID: 0}
  m_PrefabAsset: {fileID: 0}
  m_GameObject: {fileID: 189850}
  m_Enabled: 1
  m_CastShadows: 1
  m_ReceiveShadows: 1
  m_DynamicOccludee: 1
  m_MotionVectors: 1
  m_LightProbeUsage: 1
  m_ReflectionProbeUsage: 1
  m_RenderingLayerMask: 1
  m_RendererPriority: 0
  m_Materials:
  - {fileID: 2100000, guid: cec4c8cfa7e804c41961fb306c4a715b, type: 2}
  m_StaticBatchInfo:
    firstSubMesh: 0
    subMeshCount: 0
  m_StaticBatchRoot: {fileID: 0}
  m_ProbeAnchor: {fileID: 0}
  m_LightProbeVolumeOverride: {fileID: 0}
  m_ScaleInLightmap: 1
  m_PreserveUVs: 0
  m_IgnoreNormalsForChartDetection: 0
  m_ImportantGI: 0
  m_StitchLightmapSeams: 0
  m_SelectedEditorRenderState: 3
  m_MinimumChartSize: 4
  m_AutoUVMaxDistance: 0.5
  m_AutoUVMaxAngle: 89
  m_LightmapParameters: {fileID: 0}
  m_SortingLayerID: 0
  m_SortingLayer: 0
  m_SortingOrder: 0
  serializedVersion: 2
  m_Quality: 0
  m_UpdateWhenOffscreen: 0
  m_SkinnedMotionVectors: 1
  m_Mesh: {fileID: 4300000, guid: d29e6105da4957d4e80bb9f683be335f, type: 3}
  m_Bones:
  - {fileID: 488616}
  - {fileID: 427480}
  - {fileID: 404424}
  - {fileID: 451542}
  - {fileID: 411772}
  - {fileID: 450694}
  - {fileID: 406872}
  - {fileID: 469450}
  - {fileID: 409184}
  - {fileID: 451234}
  - {fileID: 427080}
  - {fileID: 463270}
  - {fileID: 427950}
  - {fileID: 496040}
  - {fileID: 415242}
  - {fileID: 414392}
  - {fileID: 433020}
  - {fileID: 438926}
  - {fileID: 481000}
  - {fileID: 456692}
  - {fileID: 488504}
  - {fileID: 405346}
  - {fileID: 475714}
  - {fileID: 463846}
  - {fileID: 463784}
  - {fileID: 421934}
  - {fileID: 412840}
  - {fileID: 462260}
  - {fileID: 427176}
  m_BlendShapeWeights: []
  m_RootBone: {fileID: 481000}
  m_AABB:
    m_Center: {x: 0.00087342947, y: -0.000060983875, z: -0.00000031664968}
    m_Extent: {x: 0.0060770847, y: 0.0017441446, z: 0.0059620366}
  m_DirtyAABB: 0
--- !u!1 &189890
GameObject:
  m_ObjectHideFlags: 0
  m_CorrespondingSourceObject: {fileID: 0}
  m_PrefabInstance: {fileID: 0}
  m_PrefabAsset: {fileID: 0}
  serializedVersion: 6
  m_Component:
  - component: {fileID: 406872}
  m_Layer: 0
  m_Name: Left_Shoulder_Jnt
  m_TagString: Untagged
  m_Icon: {fileID: 0}
  m_NavMeshLayer: 0
  m_StaticEditorFlags: 0
  m_IsActive: 1
--- !u!4 &406872
Transform:
  m_ObjectHideFlags: 0
  m_CorrespondingSourceObject: {fileID: 0}
  m_PrefabInstance: {fileID: 0}
  m_PrefabAsset: {fileID: 0}
  m_GameObject: {fileID: 189890}
  m_LocalRotation: {x: -0.032693483, y: -0.011880059, z: 0.16463514, w: 0.985741}
  m_LocalPosition: {x: -0.0005763764, y: 3.330669e-18, z: -2.7755575e-19}
  m_LocalScale: {x: 1, y: 1, z: 1}
  m_Children:
  - {fileID: 450694}
  m_Father: {fileID: 469450}
  m_RootOrder: 0
  m_LocalEulerAnglesHint: {x: -3.4708998, y: -1.9627999, z: 19.0231}
--- !u!1 &190002
GameObject:
  m_ObjectHideFlags: 0
  m_CorrespondingSourceObject: {fileID: 0}
  m_PrefabInstance: {fileID: 0}
  m_PrefabAsset: {fileID: 0}
  serializedVersion: 6
  m_Component:
  - component: {fileID: 407070}
  m_Layer: 0
  m_Name: L_Toe_J
  m_TagString: Untagged
  m_Icon: {fileID: 0}
  m_NavMeshLayer: 0
  m_StaticEditorFlags: 0
  m_IsActive: 1
--- !u!4 &407070
Transform:
  m_ObjectHideFlags: 0
  m_CorrespondingSourceObject: {fileID: 0}
  m_PrefabInstance: {fileID: 0}
  m_PrefabAsset: {fileID: 0}
  m_GameObject: {fileID: 190002}
  m_LocalRotation: {x: -0.022504348, y: -0.056448895, z: -0.10364378, w: 0.9927563}
  m_LocalPosition: {x: -0.00037730715, y: 0.00013685867, z: 0.000014574932}
  m_LocalScale: {x: 1, y: 1, z: 1}
  m_Children: []
  m_Father: {fileID: 463846}
  m_RootOrder: 0
  m_LocalEulerAnglesHint: {x: -3.2322998, y: -6.1762, z: -11.7458}
--- !u!1 &192800
GameObject:
  m_ObjectHideFlags: 0
  m_CorrespondingSourceObject: {fileID: 0}
  m_PrefabInstance: {fileID: 0}
  m_PrefabAsset: {fileID: 0}
  serializedVersion: 6
  m_Component:
  - component: {fileID: 402874}
  m_Layer: 0
  m_Name: Extra_J
  m_TagString: Untagged
  m_Icon: {fileID: 0}
  m_NavMeshLayer: 0
  m_StaticEditorFlags: 0
  m_IsActive: 1
--- !u!4 &402874
Transform:
  m_ObjectHideFlags: 0
  m_CorrespondingSourceObject: {fileID: 0}
  m_PrefabInstance: {fileID: 0}
  m_PrefabAsset: {fileID: 0}
  m_GameObject: {fileID: 192800}
  m_LocalRotation: {x: 0.00048015872, y: 0.022916203, z: -0.02046249, w: 0.9995279}
  m_LocalPosition: {x: -0.00043649744, y: -0.00040648307, z: 0.00001923653}
  m_LocalScale: {x: 1, y: 1, z: 1}
  m_Children: []
  m_Father: {fileID: 411772}
  m_RootOrder: 0
  m_LocalEulerAnglesHint: {x: 0.1087, y: 2.6246, z: -2.3430998}
--- !u!1 &193380
GameObject:
  m_ObjectHideFlags: 0
  m_CorrespondingSourceObject: {fileID: 0}
  m_PrefabInstance: {fileID: 0}
  m_PrefabAsset: {fileID: 0}
  serializedVersion: 6
  m_Component:
  - component: {fileID: 431702}
  m_Layer: 0
  m_Name: R_Toe_J
  m_TagString: Untagged
  m_Icon: {fileID: 0}
  m_NavMeshLayer: 0
  m_StaticEditorFlags: 0
  m_IsActive: 1
--- !u!4 &431702
Transform:
  m_ObjectHideFlags: 0
  m_CorrespondingSourceObject: {fileID: 0}
  m_PrefabInstance: {fileID: 0}
  m_PrefabAsset: {fileID: 0}
  m_GameObject: {fileID: 193380}
  m_LocalRotation: {x: -0.01797121, y: 0.032900266, z: 0.044082906, w: 0.9983243}
  m_LocalPosition: {x: 0.00040088722, y: -0.00001950559, z: -0.000014575743}
  m_LocalScale: {x: 1, y: 1, z: 1}
  m_Children: []
  m_Father: {fileID: 456692}
  m_RootOrder: 0
  m_LocalEulerAnglesHint: {x: -2.2226999, y: 3.6783, z: 4.9853997}
--- !u!1 &194174
GameObject:
  m_ObjectHideFlags: 0
  m_CorrespondingSourceObject: {fileID: 0}
  m_PrefabInstance: {fileID: 0}
  m_PrefabAsset: {fileID: 0}
  serializedVersion: 6
  m_Component:
  - component: {fileID: 450694}
  m_Layer: 0
  m_Name: Left_Elbow_Jnt
  m_TagString: Untagged
  m_Icon: {fileID: 0}
  m_NavMeshLayer: 0
  m_StaticEditorFlags: 0
  m_IsActive: 1
--- !u!4 &450694
Transform:
  m_ObjectHideFlags: 0
  m_CorrespondingSourceObject: {fileID: 0}
  m_PrefabInstance: {fileID: 0}
  m_PrefabAsset: {fileID: 0}
  m_GameObject: {fileID: 194174}
  m_LocalRotation: {x: -0.10716066, y: 0.013778564, z: 0.0031127469, w: 0.9941414}
  m_LocalPosition: {x: -0.0017116306, y: -0.000002003005, z: -0.0000065885292}
  m_LocalScale: {x: 1, y: 1, z: 1}
  m_Children:
  - {fileID: 411772}
  m_Father: {fileID: 406872}
  m_RootOrder: 0
  m_LocalEulerAnglesHint: {x: -12.307099, y: 1.5676999, z: 0.1898}
--- !u!1 &199502
GameObject:
  m_ObjectHideFlags: 0
  m_CorrespondingSourceObject: {fileID: 0}
  m_PrefabInstance: {fileID: 0}
  m_PrefabAsset: {fileID: 0}
  serializedVersion: 6
  m_Component:
  - component: {fileID: 448250}
  - component: {fileID: 9576228}
  m_Layer: 0
  m_Name: SkateBoard_02
  m_TagString: Untagged
  m_Icon: {fileID: 0}
  m_NavMeshLayer: 0
  m_StaticEditorFlags: 0
  m_IsActive: 1
--- !u!4 &448250
Transform:
  m_ObjectHideFlags: 0
  m_CorrespondingSourceObject: {fileID: 0}
  m_PrefabInstance: {fileID: 0}
  m_PrefabAsset: {fileID: 0}
  m_GameObject: {fileID: 199502}
  m_LocalRotation: {x: 0, y: 0, z: 0, w: 1}
  m_LocalPosition: {x: 0, y: 0, z: 0}
  m_LocalScale: {x: 100, y: 100, z: 100}
  m_Children:
  - {fileID: 492718}
  - {fileID: 490216}
  m_Father: {fileID: 0}
  m_RootOrder: 0
  m_LocalEulerAnglesHint: {x: 0, y: 0, z: 0}
--- !u!95 &9576228
Animator:
  serializedVersion: 3
  m_ObjectHideFlags: 0
  m_CorrespondingSourceObject: {fileID: 0}
  m_PrefabInstance: {fileID: 0}
  m_PrefabAsset: {fileID: 0}
  m_GameObject: {fileID: 199502}
  m_Enabled: 1
  m_Avatar: {fileID: 9000000, guid: d29e6105da4957d4e80bb9f683be335f, type: 3}
  m_Controller: {fileID: 9100000, guid: 77d3b0eb7d7d2134399c61f6ef2d0235, type: 2}
  m_CullingMode: 1
  m_UpdateMode: 0
  m_ApplyRootMotion: 0
  m_LinearVelocityBlending: 0
  m_WarningMessage: 
  m_HasTransformHierarchy: 1
  m_AllowConstantClipSamplingOptimization: 1
  m_KeepAnimatorControllerStateOnDisable: 0
