%YAML 1.1
%TAG !u! tag:unity3d.com,2011:
--- !u!1 &104228
GameObject:
  m_ObjectHideFlags: 0
  m_CorrespondingSourceObject: {fileID: 0}
  m_PrefabInstance: {fileID: 0}
  m_PrefabAsset: {fileID: 0}
  serializedVersion: 6
  m_Component:
  - component: {fileID: 463490}
  m_Layer: 0
  m_Name: Right_Clavicle_Jnt
  m_TagString: Untagged
  m_Icon: {fileID: 0}
  m_NavMeshLayer: 0
  m_StaticEditorFlags: 0
  m_IsActive: 1
--- !u!4 &463490
Transform:
  m_ObjectHideFlags: 0
  m_CorrespondingSourceObject: {fileID: 0}
  m_PrefabInstance: {fileID: 0}
  m_PrefabAsset: {fileID: 0}
  m_GameObject: {fileID: 104228}
  m_LocalRotation: {x: -0.45194152, y: -0.53968734, z: 0.59632164, w: -0.38585865}
  m_LocalPosition: {x: -0.0006988772, y: -0.00013096939, z: -0.00037054392}
  m_LocalScale: {x: 1, y: 1, z: 1}
  m_Children:
  - {fileID: 427946}
  m_Father: {fileID: 435628}
  m_RootOrder: 2
  m_LocalEulerAnglesHint: {x: 82.9435, y: -85.8114, z: 167.0058}
--- !u!1 &106144
GameObject:
  m_ObjectHideFlags: 0
  m_CorrespondingSourceObject: {fileID: 0}
  m_PrefabInstance: {fileID: 0}
  m_PrefabAsset: {fileID: 0}
  serializedVersion: 6
  m_Component:
  - component: {fileID: 484114}
  m_Layer: 0
  m_Name: Left_Clavicle_Jnt
  m_TagString: Untagged
  m_Icon: {fileID: 0}
  m_NavMeshLayer: 0
  m_StaticEditorFlags: 0
  m_IsActive: 1
--- !u!4 &484114
Transform:
  m_ObjectHideFlags: 0
  m_CorrespondingSourceObject: {fileID: 0}
  m_PrefabInstance: {fileID: 0}
  m_PrefabAsset: {fileID: 0}
  m_GameObject: {fileID: 106144}
  m_LocalRotation: {x: -0.5396933, y: 0.45194587, z: 0.38585433, w: 0.5963158}
  m_LocalPosition: {x: -0.0006988812, y: -0.00013096113, z: 0.00037054703}
  m_LocalScale: {x: 1, y: 1, z: 1}
  m_Children:
  - {fileID: 412466}
  m_Father: {fileID: 435628}
  m_RootOrder: 1
  m_LocalEulerAnglesHint: {x: -82.943695, y: 85.8209, z: -13.003799}
--- !u!1 &106792
GameObject:
  m_ObjectHideFlags: 0
  m_CorrespondingSourceObject: {fileID: 0}
  m_PrefabInstance: {fileID: 0}
  m_PrefabAsset: {fileID: 0}
  serializedVersion: 6
  m_Component:
  - component: {fileID: 439718}
  m_Layer: 0
  m_Name: R_Hip_J
  m_TagString: Untagged
  m_Icon: {fileID: 0}
  m_NavMeshLayer: 0
  m_StaticEditorFlags: 0
  m_IsActive: 1
--- !u!4 &439718
Transform:
  m_ObjectHideFlags: 0
  m_CorrespondingSourceObject: {fileID: 0}
  m_PrefabInstance: {fileID: 0}
  m_PrefabAsset: {fileID: 0}
  m_GameObject: {fileID: 106792}
  m_LocalRotation: {x: -0.63176465, y: 0.24282885, z: 0.68152195, w: 0.27827227}
  m_LocalPosition: {x: -0.000031953925, y: -0.00051291275, z: -0.00006789991}
  m_LocalScale: {x: 1, y: 1, z: 1}
  m_Children:
  - {fileID: 490044}
  m_Father: {fileID: 496882}
  m_RootOrder: 1
  m_LocalEulerAnglesHint: {x: -43.046497, y: -83.4143, z: 174.3084}
--- !u!1 &110628
GameObject:
  m_ObjectHideFlags: 0
  m_CorrespondingSourceObject: {fileID: 0}
  m_PrefabInstance: {fileID: 0}
  m_PrefabAsset: {fileID: 0}
  serializedVersion: 6
  m_Component:
  - component: {fileID: 443134}
  m_Layer: 0
  m_Name: L_Hip_J
  m_TagString: Untagged
  m_Icon: {fileID: 0}
  m_NavMeshLayer: 0
  m_StaticEditorFlags: 0
  m_IsActive: 1
--- !u!4 &443134
Transform:
  m_ObjectHideFlags: 0
  m_CorrespondingSourceObject: {fileID: 0}
  m_PrefabInstance: {fileID: 0}
  m_PrefabAsset: {fileID: 0}
  m_GameObject: {fileID: 110628}
  m_LocalRotation: {x: -0.2844482, y: -0.6964556, z: -0.26226652, w: 0.6043634}
  m_LocalPosition: {x: -0.00050977326, y: -0.000044198572, z: -0.00008353029}
  m_LocalScale: {x: 1, y: 1, z: 1}
  m_Children:
  - {fileID: 413446}
  m_Father: {fileID: 496882}
  m_RootOrder: 0
  m_LocalEulerAnglesHint: {x: -45.164497, y: -100.7838, z: 6.4498}
--- !u!1 &112310
GameObject:
  m_ObjectHideFlags: 0
  m_CorrespondingSourceObject: {fileID: 0}
  m_PrefabInstance: {fileID: 0}
  m_PrefabAsset: {fileID: 0}
  serializedVersion: 6
  m_Component:
  - component: {fileID: 496892}
  m_Layer: 0
  m_Name: Right_Fingers_Jnt_01
  m_TagString: Untagged
  m_Icon: {fileID: 0}
  m_NavMeshLayer: 0
  m_StaticEditorFlags: 0
  m_IsActive: 1
--- !u!4 &496892
Transform:
  m_ObjectHideFlags: 0
  m_CorrespondingSourceObject: {fileID: 0}
  m_PrefabInstance: {fileID: 0}
  m_PrefabAsset: {fileID: 0}
  m_GameObject: {fileID: 112310}
  m_LocalRotation: {x: -0.00016430824, y: 0.04366276, z: -0.026376506, w: 0.9986981}
  m_LocalPosition: {x: 0.00035874816, y: 0.00002336797, z: -0.00008268304}
  m_LocalScale: {x: 1, y: 1, z: 1}
  m_Children:
  - {fileID: 483468}
  m_Father: {fileID: 403562}
  m_RootOrder: 1
  m_LocalEulerAnglesHint: {x: 0.113199994, y: 5.0037, z: -3.0209}
--- !u!1 &114952
GameObject:
  m_ObjectHideFlags: 0
  m_CorrespondingSourceObject: {fileID: 0}
  m_PrefabInstance: {fileID: 0}
  m_PrefabAsset: {fileID: 0}
  serializedVersion: 6
  m_Component:
  - component: {fileID: 461806}
  m_Layer: 0
  m_Name: Right_Elbow_Jnt
  m_TagString: Untagged
  m_Icon: {fileID: 0}
  m_NavMeshLayer: 0
  m_StaticEditorFlags: 0
  m_IsActive: 1
--- !u!4 &461806
Transform:
  m_ObjectHideFlags: 0
  m_CorrespondingSourceObject: {fileID: 0}
  m_PrefabInstance: {fileID: 0}
  m_PrefabAsset: {fileID: 0}
  m_GameObject: {fileID: 114952}
  m_LocalRotation: {x: 0.000053518568, y: 0.014909497, z: 0.0029275403, w: 0.9998846}
  m_LocalPosition: {x: 0.001276448, y: 0.00000036837812, z: 0.000029186629}
  m_LocalScale: {x: 1, y: 1, z: 1}
  m_Children:
  - {fileID: 403562}
  m_Father: {fileID: 427946}
  m_RootOrder: 0
  m_LocalEulerAnglesHint: {x: 0.0011, y: 1.7085999, z: 0.3355}
--- !u!1 &115254
GameObject:
  m_ObjectHideFlags: 0
  m_CorrespondingSourceObject: {fileID: 0}
  m_PrefabInstance: {fileID: 0}
  m_PrefabAsset: {fileID: 0}
  serializedVersion: 6
  m_Component:
  - component: {fileID: 496882}
  m_Layer: 0
  m_Name: Pelvis_Jnt
  m_TagString: Untagged
  m_Icon: {fileID: 0}
  m_NavMeshLayer: 0
  m_StaticEditorFlags: 0
  m_IsActive: 1
--- !u!4 &496882
Transform:
  m_ObjectHideFlags: 0
  m_CorrespondingSourceObject: {fileID: 0}
  m_PrefabInstance: {fileID: 0}
  m_PrefabAsset: {fileID: 0}
  m_GameObject: {fileID: 115254}
  m_LocalRotation: {x: 0.0044154446, y: 0.010806454, z: 0.3782124, w: 0.92564523}
  m_LocalPosition: {x: -0, y: 0, z: 8.673617e-21}
  m_LocalScale: {x: 1, y: 1, z: 1}
  m_Children:
  - {fileID: 443134}
  - {fileID: 439718}
  m_Father: {fileID: 402566}
  m_RootOrder: 0
  m_LocalEulerAnglesHint: {x: 0, y: 1.3377, z: 44.4492}
--- !u!1 &120206
GameObject:
  m_ObjectHideFlags: 0
  m_CorrespondingSourceObject: {fileID: 0}
  m_PrefabInstance: {fileID: 0}
  m_PrefabAsset: {fileID: 0}
  serializedVersion: 6
  m_Component:
  - component: {fileID: 403562}
  m_Layer: 0
  m_Name: Right_Wrist_Jnt
  m_TagString: Untagged
  m_Icon: {fileID: 0}
  m_NavMeshLayer: 0
  m_StaticEditorFlags: 0
  m_IsActive: 1
--- !u!4 &403562
Transform:
  m_ObjectHideFlags: 0
  m_CorrespondingSourceObject: {fileID: 0}
  m_PrefabInstance: {fileID: 0}
  m_PrefabAsset: {fileID: 0}
  m_GameObject: {fileID: 120206}
  m_LocalRotation: {x: -0.0011185819, y: -0.047522195, z: 0.014904362, w: 0.9987584}
  m_LocalPosition: {x: 0.001365916, y: -0.0000000060685363, z: 2.5605157e-10}
  m_LocalScale: {x: 1, y: 1, z: 1}
  m_Children:
  - {fileID: 498676}
  - {fileID: 496892}
  - {fileID: 473296}
  m_Father: {fileID: 461806}
  m_RootOrder: 0
  m_LocalEulerAnglesHint: {x: -0.0469, y: -5.449, z: 1.7120999}
--- !u!1 &122012
GameObject:
  m_ObjectHideFlags: 0
  m_CorrespondingSourceObject: {fileID: 0}
  m_PrefabInstance: {fileID: 0}
  m_PrefabAsset: {fileID: 0}
  serializedVersion: 6
  m_Component:
  - component: {fileID: 443172}
  m_Layer: 0
  m_Name: R_Ankle_J
  m_TagString: Untagged
  m_Icon: {fileID: 0}
  m_NavMeshLayer: 0
  m_StaticEditorFlags: 0
  m_IsActive: 1
--- !u!4 &443172
Transform:
  m_ObjectHideFlags: 0
  m_CorrespondingSourceObject: {fileID: 0}
  m_PrefabInstance: {fileID: 0}
  m_PrefabAsset: {fileID: 0}
  m_GameObject: {fileID: 122012}
  m_LocalRotation: {x: 0.8046878, y: 0.5920032, z: 0.024348348, w: 0.037642952}
  m_LocalPosition: {x: 0.0020262937, y: -0.00015337265, z: 0.00000848245}
  m_LocalScale: {x: 1, y: 1, z: 1}
  m_Children:
  - {fileID: 433578}
  m_Father: {fileID: 490044}
  m_RootOrder: 0
  m_LocalEulerAnglesHint: {x: 1.8196, y: 175.1931, z: 107.240295}
--- !u!1 &122758
GameObject:
  m_ObjectHideFlags: 0
  m_CorrespondingSourceObject: {fileID: 0}
  m_PrefabInstance: {fileID: 0}
  m_PrefabAsset: {fileID: 0}
  serializedVersion: 6
  m_Component:
  - component: {fileID: 423712}
  m_Layer: 0
  m_Name: Spine_01_J
  m_TagString: Untagged
  m_Icon: {fileID: 0}
  m_NavMeshLayer: 0
  m_StaticEditorFlags: 0
  m_IsActive: 1
--- !u!4 &423712
Transform:
  m_ObjectHideFlags: 0
  m_CorrespondingSourceObject: {fileID: 0}
  m_PrefabInstance: {fileID: 0}
  m_PrefabAsset: {fileID: 0}
  m_GameObject: {fileID: 122758}
  m_LocalRotation: {x: 0.49829236, y: -0.501707, z: -0.4982872, w: 0.50170183}
  m_LocalPosition: {x: -0.00000006192018, y: 0.00076617324, z: 0.00005259157}
  m_LocalScale: {x: 1, y: 1, z: 1}
  m_Children:
  - {fileID: 435628}
  m_Father: {fileID: 402566}
  m_RootOrder: 1
  m_LocalEulerAnglesHint: {x: 0, y: -90.000595, z: -89.608696}
--- !u!1 &123648
GameObject:
  m_ObjectHideFlags: 0
  m_CorrespondingSourceObject: {fileID: 0}
  m_PrefabInstance: {fileID: 0}
  m_PrefabAsset: {fileID: 0}
  serializedVersion: 6
  m_Component:
  - component: {fileID: 427946}
  m_Layer: 0
  m_Name: Right_Shoulder_Jnt
  m_TagString: Untagged
  m_Icon: {fileID: 0}
  m_NavMeshLayer: 0
  m_StaticEditorFlags: 0
  m_IsActive: 1
--- !u!4 &427946
Transform:
  m_ObjectHideFlags: 0
  m_CorrespondingSourceObject: {fileID: 0}
  m_PrefabInstance: {fileID: 0}
  m_PrefabAsset: {fileID: 0}
  m_GameObject: {fileID: 123648}
  m_LocalRotation: {x: 0.0011342475, y: -0.007818644, z: 0.1592991, w: 0.98719877}
  m_LocalPosition: {x: 0.0005086983, y: 0.000068269, z: 0.00000012109341}
  m_LocalScale: {x: 1, y: 1, z: 1}
  m_Children:
  - {fileID: 461806}
  m_Father: {fileID: 463490}
  m_RootOrder: 0
  m_LocalEulerAnglesHint: {x: 0.271, y: -0.8638, z: 18.331}
--- !u!1 &124414
GameObject:
  m_ObjectHideFlags: 0
  m_CorrespondingSourceObject: {fileID: 0}
  m_PrefabInstance: {fileID: 0}
  m_PrefabAsset: {fileID: 0}
  serializedVersion: 6
  m_Component:
  - component: {fileID: 433578}
  m_Layer: 0
  m_Name: R_Ball_J
  m_TagString: Untagged
  m_Icon: {fileID: 0}
  m_NavMeshLayer: 0
  m_StaticEditorFlags: 0
  m_IsActive: 1
--- !u!4 &433578
Transform:
  m_ObjectHideFlags: 0
  m_CorrespondingSourceObject: {fileID: 0}
  m_PrefabInstance: {fileID: 0}
  m_PrefabAsset: {fileID: 0}
  m_GameObject: {fileID: 124414}
  m_LocalRotation: {x: -0.03675018, y: -0.003881435, z: -0.13369308, w: 0.99033356}
  m_LocalPosition: {x: 0.0008096635, y: -0.000013478621, z: -0.0000020826856}
  m_LocalScale: {x: 1, y: 1, z: 1}
  m_Children:
  - {fileID: 436300}
  m_Father: {fileID: 443172}
  m_RootOrder: 0
  m_LocalEulerAnglesHint: {x: -4.2339, y: 0.122899994, z: -15.3812}
--- !u!1 &127000
GameObject:
  m_ObjectHideFlags: 0
  m_CorrespondingSourceObject: {fileID: 0}
  m_PrefabInstance: {fileID: 0}
  m_PrefabAsset: {fileID: 0}
  serializedVersion: 6
  m_Component:
  - component: {fileID: 412466}
  m_Layer: 0
  m_Name: Left_Shoulder_Jnt
  m_TagString: Untagged
  m_Icon: {fileID: 0}
  m_NavMeshLayer: 0
  m_StaticEditorFlags: 0
  m_IsActive: 1
--- !u!4 &412466
Transform:
  m_ObjectHideFlags: 0
  m_CorrespondingSourceObject: {fileID: 0}
  m_PrefabInstance: {fileID: 0}
  m_PrefabAsset: {fileID: 0}
  m_GameObject: {fileID: 127000}
  m_LocalRotation: {x: 0.0011342475, y: -0.007818644, z: 0.1592991, w: 0.98719877}
  m_LocalPosition: {x: -0.00050869805, y: -0.000068271176, z: -0.00000012093275}
  m_LocalScale: {x: 1, y: 1, z: 1}
  m_Children:
  - {fileID: 462318}
  m_Father: {fileID: 484114}
  m_RootOrder: 0
  m_LocalEulerAnglesHint: {x: 0.271, y: -0.8638, z: 18.331}
--- !u!1 &127380
GameObject:
  m_ObjectHideFlags: 0
  m_CorrespondingSourceObject: {fileID: 0}
  m_PrefabInstance: {fileID: 0}
  m_PrefabAsset: {fileID: 0}
  serializedVersion: 6
  m_Component:
  - component: {fileID: 413446}
  m_Layer: 0
  m_Name: L_Knee_J
  m_TagString: Untagged
  m_Icon: {fileID: 0}
  m_NavMeshLayer: 0
  m_StaticEditorFlags: 0
  m_IsActive: 1
--- !u!4 &413446
Transform:
  m_ObjectHideFlags: 0
  m_CorrespondingSourceObject: {fileID: 0}
  m_PrefabInstance: {fileID: 0}
  m_PrefabAsset: {fileID: 0}
  m_GameObject: {fileID: 127380}
  m_LocalRotation: {x: 0.026568983, y: 0.03677928, z: 0.6925334, w: 0.71995765}
  m_LocalPosition: {x: 0.00006862149, y: -0.0019790116, z: 0.0000067323635}
  m_LocalScale: {x: 1, y: 1, z: 1}
  m_Children:
  - {fileID: 468720}
  m_Father: {fileID: 443134}
  m_RootOrder: 0
  m_LocalEulerAnglesHint: {x: -0.72679996, y: 5.1500998, z: 87.7427}
--- !u!1 &128638
GameObject:
  m_ObjectHideFlags: 0
  m_CorrespondingSourceObject: {fileID: 0}
  m_PrefabInstance: {fileID: 0}
  m_PrefabAsset: {fileID: 0}
  serializedVersion: 6
  m_Component:
  - component: {fileID: 471694}
  m_Layer: 0
  m_Name: L_Ball_J
  m_TagString: Untagged
  m_Icon: {fileID: 0}
  m_NavMeshLayer: 0
  m_StaticEditorFlags: 0
  m_IsActive: 1
--- !u!4 &471694
Transform:
  m_ObjectHideFlags: 0
  m_CorrespondingSourceObject: {fileID: 0}
  m_PrefabInstance: {fileID: 0}
  m_PrefabAsset: {fileID: 0}
  m_GameObject: {fileID: 128638}
  m_LocalRotation: {x: -0.033240866, y: 0.00020561035, z: 0.015405977, w: 0.9993286}
  m_LocalPosition: {x: -0.00080966426, y: 0.000013478855, z: 0.0000020832194}
  m_LocalScale: {x: 1, y: 1, z: 1}
  m_Children:
  - {fileID: 405884}
  m_Father: {fileID: 468720}
  m_RootOrder: 0
  m_LocalEulerAnglesHint: {x: -3.8098, y: -0.0352, z: 1.7675999}
--- !u!1 &131068
GameObject:
  m_ObjectHideFlags: 0
  m_CorrespondingSourceObject: {fileID: 0}
  m_PrefabInstance: {fileID: 0}
  m_PrefabAsset: {fileID: 0}
  serializedVersion: 6
  m_Component:
  - component: {fileID: 481270}
  m_Layer: 0
  m_Name: Left_Thumb_Jnt_01
  m_TagString: Untagged
  m_Icon: {fileID: 0}
  m_NavMeshLayer: 0
  m_StaticEditorFlags: 0
  m_IsActive: 1
--- !u!4 &481270
Transform:
  m_ObjectHideFlags: 0
  m_CorrespondingSourceObject: {fileID: 0}
  m_PrefabInstance: {fileID: 0}
  m_PrefabAsset: {fileID: 0}
  m_GameObject: {fileID: 131068}
  m_LocalRotation: {x: 0.08227083, y: 0.34824458, z: 0.16292961, w: 0.91946244}
  m_LocalPosition: {x: -0.00013129662, y: -0.00016555563, z: 0.0003055795}
  m_LocalScale: {x: 1, y: 1, z: 1}
  m_Children:
  - {fileID: 409904}
  m_Father: {fileID: 491136}
  m_RootOrder: 2
  m_LocalEulerAnglesHint: {x: 2.1669, y: 41.888397, z: 20.9266}
--- !u!1 &134172
GameObject:
  m_ObjectHideFlags: 0
  m_CorrespondingSourceObject: {fileID: 0}
  m_PrefabInstance: {fileID: 0}
  m_PrefabAsset: {fileID: 0}
  serializedVersion: 6
  m_Component:
  - component: {fileID: 409904}
  m_Layer: 0
  m_Name: Left_Thumb_Jnt_02
  m_TagString: Untagged
  m_Icon: {fileID: 0}
  m_NavMeshLayer: 0
  m_StaticEditorFlags: 0
  m_IsActive: 1
--- !u!4 &409904
Transform:
  m_ObjectHideFlags: 0
  m_CorrespondingSourceObject: {fileID: 0}
  m_PrefabInstance: {fileID: 0}
  m_PrefabAsset: {fileID: 0}
  m_GameObject: {fileID: 134172}
  m_LocalRotation: {x: 0.7437731, y: 0.025162034, z: -0.022584291, w: 0.6675765}
  m_LocalPosition: {x: -0.00015641472, y: -4.440892e-18, z: -8.3266725e-19}
  m_LocalScale: {x: 1, y: 1, z: 1}
  m_Children: []
  m_Father: {fileID: 481270}
  m_RootOrder: 0
  m_LocalEulerAnglesHint: {x: 83.8194, y: -180, z: 176.1248}
--- !u!1 &136158
GameObject:
  m_ObjectHideFlags: 0
  m_CorrespondingSourceObject: {fileID: 0}
  m_PrefabInstance: {fileID: 0}
  m_PrefabAsset: {fileID: 0}
  serializedVersion: 6
  m_Component:
  - component: {fileID: 446958}
  - component: {fileID: 9557960}
  m_Layer: 0
  m_Name: B29_Ch_03_Avatar
  m_TagString: Untagged
  m_Icon: {fileID: 0}
  m_NavMeshLayer: 0
  m_StaticEditorFlags: 0
  m_IsActive: 1
--- !u!4 &446958
Transform:
  m_ObjectHideFlags: 0
  m_CorrespondingSourceObject: {fileID: 0}
  m_PrefabInstance: {fileID: 0}
  m_PrefabAsset: {fileID: 0}
  m_GameObject: {fileID: 136158}
  m_LocalRotation: {x: 0, y: 0, z: 0, w: 1}
  m_LocalPosition: {x: 0, y: 0, z: 0}
  m_LocalScale: {x: 100, y: 100, z: 100}
  m_Children:
  - {fileID: 451920}
  - {fileID: 402566}
  m_Father: {fileID: 0}
  m_RootOrder: 0
  m_LocalEulerAnglesHint: {x: 0, y: 0, z: 0}
--- !u!95 &9557960
Animator:
  serializedVersion: 3
  m_ObjectHideFlags: 0
  m_CorrespondingSourceObject: {fileID: 0}
  m_PrefabInstance: {fileID: 0}
  m_PrefabAsset: {fileID: 0}
  m_GameObject: {fileID: 136158}
  m_Enabled: 1
  m_Avatar: {fileID: 9000000, guid: f381af1b865d4a640b1c672cde7df708, type: 3}
  m_Controller: {fileID: 0}
  m_CullingMode: 1
  m_UpdateMode: 0
  m_ApplyRootMotion: 1
  m_LinearVelocityBlending: 0
  m_WarningMessage: 
  m_HasTransformHierarchy: 1
  m_AllowConstantClipSamplingOptimization: 1
  m_KeepAnimatorControllerStateOnDisable: 0
--- !u!1 &137674
GameObject:
  m_ObjectHideFlags: 0
  m_CorrespondingSourceObject: {fileID: 0}
  m_PrefabInstance: {fileID: 0}
  m_PrefabAsset: {fileID: 0}
  serializedVersion: 6
  m_Component:
  - component: {fileID: 498676}
  m_Layer: 0
  m_Name: Extra2_J
  m_TagString: Untagged
  m_Icon: {fileID: 0}
  m_NavMeshLayer: 0
  m_StaticEditorFlags: 0
  m_IsActive: 1
--- !u!4 &498676
Transform:
  m_ObjectHideFlags: 0
  m_CorrespondingSourceObject: {fileID: 0}
  m_PrefabInstance: {fileID: 0}
  m_PrefabAsset: {fileID: 0}
  m_GameObject: {fileID: 137674}
  m_LocalRotation: {x: 0.9985903, y: -0.028137065, z: -0.045003857, w: -0.0006784529}
  m_LocalPosition: {x: 0.00044311123, y: 0.0002597213, z: 0.000105918414}
  m_LocalScale: {x: 1, y: 1, z: 1}
  m_Children: []
  m_Father: {fileID: 403562}
  m_RootOrder: 0
  m_LocalEulerAnglesHint: {x: -0.2228, y: -174.8454, z: -176.782}
--- !u!1 &144112
GameObject:
  m_ObjectHideFlags: 0
  m_CorrespondingSourceObject: {fileID: 0}
  m_PrefabInstance: {fileID: 0}
  m_PrefabAsset: {fileID: 0}
  serializedVersion: 6
  m_Component:
  - component: {fileID: 490044}
  m_Layer: 0
  m_Name: R_Knee_J
  m_TagString: Untagged
  m_Icon: {fileID: 0}
  m_NavMeshLayer: 0
  m_StaticEditorFlags: 0
  m_IsActive: 1
--- !u!4 &490044
Transform:
  m_ObjectHideFlags: 0
  m_CorrespondingSourceObject: {fileID: 0}
  m_PrefabInstance: {fileID: 0}
  m_PrefabAsset: {fileID: 0}
  m_GameObject: {fileID: 144112}
  m_LocalRotation: {x: 0.026568983, y: 0.03677928, z: 0.6925334, w: 0.71995765}
  m_LocalPosition: {x: -0.00006862166, y: 0.0019790179, z: -0.000006732255}
  m_LocalScale: {x: 1, y: 1, z: 1}
  m_Children:
  - {fileID: 443172}
  m_Father: {fileID: 439718}
  m_RootOrder: 0
  m_LocalEulerAnglesHint: {x: -0.72679996, y: 5.1500998, z: 87.7427}
--- !u!1 &146350
GameObject:
  m_ObjectHideFlags: 0
  m_CorrespondingSourceObject: {fileID: 0}
  m_PrefabInstance: {fileID: 0}
  m_PrefabAsset: {fileID: 0}
  serializedVersion: 6
  m_Component:
  - component: {fileID: 496878}
  m_Layer: 0
  m_Name: Left_Fingers_Jnt_01
  m_TagString: Untagged
  m_Icon: {fileID: 0}
  m_NavMeshLayer: 0
  m_StaticEditorFlags: 0
  m_IsActive: 1
--- !u!4 &496878
Transform:
  m_ObjectHideFlags: 0
  m_CorrespondingSourceObject: {fileID: 0}
  m_PrefabInstance: {fileID: 0}
  m_PrefabAsset: {fileID: 0}
  m_GameObject: {fileID: 146350}
  m_LocalRotation: {x: -0.00016430824, y: 0.04366276, z: -0.026376506, w: 0.9986981}
  m_LocalPosition: {x: -0.0003587505, y: -0.000023365887, z: 0.000082683335}
  m_LocalScale: {x: 1, y: 1, z: 1}
  m_Children:
  - {fileID: 484900}
  m_Father: {fileID: 491136}
  m_RootOrder: 1
  m_LocalEulerAnglesHint: {x: 0.113199994, y: 5.0037, z: -3.0209}
--- !u!1 &147160
GameObject:
  m_ObjectHideFlags: 0
  m_CorrespondingSourceObject: {fileID: 0}
  m_PrefabInstance: {fileID: 0}
  m_PrefabAsset: {fileID: 0}
  serializedVersion: 6
  m_Component:
  - component: {fileID: 405884}
  m_Layer: 0
  m_Name: L_Toe_J
  m_TagString: Untagged
  m_Icon: {fileID: 0}
  m_NavMeshLayer: 0
  m_StaticEditorFlags: 0
  m_IsActive: 1
--- !u!4 &405884
Transform:
  m_ObjectHideFlags: 0
  m_CorrespondingSourceObject: {fileID: 0}
  m_PrefabInstance: {fileID: 0}
  m_PrefabAsset: {fileID: 0}
  m_GameObject: {fileID: 147160}
  m_LocalRotation: {x: 0.03204346, y: -0.062222186, z: -0.11048138, w: 0.99141085}
  m_LocalPosition: {x: -0.00033369774, y: 0.00014185216, z: 0.000011334122}
  m_LocalScale: {x: 1, y: 1, z: 1}
  m_Children: []
  m_Father: {fileID: 471694}
  m_RootOrder: 0
  m_LocalEulerAnglesHint: {x: 2.8537998, y: -7.5053, z: -12.904699}
--- !u!1 &148586
GameObject:
  m_ObjectHideFlags: 0
  m_CorrespondingSourceObject: {fileID: 0}
  m_PrefabInstance: {fileID: 0}
  m_PrefabAsset: {fileID: 0}
  serializedVersion: 6
  m_Component:
  - component: {fileID: 400902}
  - component: {fileID: 13770434}
  m_Layer: 0
  m_Name: Batch_29_Ch_03_Avatar
  m_TagString: Untagged
  m_Icon: {fileID: 0}
  m_NavMeshLayer: 0
  m_StaticEditorFlags: 0
  m_IsActive: 1
--- !u!4 &400902
Transform:
  m_ObjectHideFlags: 0
  m_CorrespondingSourceObject: {fileID: 0}
  m_PrefabInstance: {fileID: 0}
  m_PrefabAsset: {fileID: 0}
  m_GameObject: {fileID: 148586}
  m_LocalRotation: {x: 0, y: 0, z: 0, w: 1}
  m_LocalPosition: {x: -0, y: -0.0025322707, z: -0.0006225487}
  m_LocalScale: {x: 1, y: 1, z: 1}
  m_Children: []
  m_Father: {fileID: 451920}
  m_RootOrder: 0
  m_LocalEulerAnglesHint: {x: 0, y: 0, z: 0}
--- !u!137 &13770434
SkinnedMeshRenderer:
  m_ObjectHideFlags: 0
  m_CorrespondingSourceObject: {fileID: 0}
  m_PrefabInstance: {fileID: 0}
  m_PrefabAsset: {fileID: 0}
  m_GameObject: {fileID: 148586}
  m_Enabled: 1
  m_CastShadows: 1
  m_ReceiveShadows: 1
  m_DynamicOccludee: 1
  m_MotionVectors: 1
  m_LightProbeUsage: 1
  m_ReflectionProbeUsage: 1
  m_RenderingLayerMask: 1
  m_RendererPriority: 0
  m_Materials:
  - {fileID: 2100000, guid: af1c4e64ca0ce1a4fa470580553a1cfd, type: 2}
  - {fileID: 2100000, guid: af1c4e64ca0ce1a4fa470580553a1cfd, type: 2}
  - {fileID: 2100000, guid: af1c4e64ca0ce1a4fa470580553a1cfd, type: 2}
  m_StaticBatchInfo:
    firstSubMesh: 0
    subMeshCount: 0
  m_StaticBatchRoot: {fileID: 0}
  m_ProbeAnchor: {fileID: 0}
  m_LightProbeVolumeOverride: {fileID: 0}
  m_ScaleInLightmap: 1
  m_PreserveUVs: 0
  m_IgnoreNormalsForChartDetection: 0
  m_ImportantGI: 0
  m_StitchLightmapSeams: 0
  m_SelectedEditorRenderState: 3
  m_MinimumChartSize: 4
  m_AutoUVMaxDistance: 0.5
  m_AutoUVMaxAngle: 89
  m_LightmapParameters: {fileID: 0}
  m_SortingLayerID: 0
  m_SortingLayer: 0
  m_SortingOrder: 0
  serializedVersion: 2
  m_Quality: 0
  m_UpdateWhenOffscreen: 0
  m_SkinnedMotionVectors: 1
  m_Mesh: {fileID: 4300000, guid: f381af1b865d4a640b1c672cde7df708, type: 3}
  m_Bones:
  - {fileID: 496882}
  - {fileID: 443134}
  - {fileID: 413446}
  - {fileID: 468720}
  - {fileID: 471694}
  - {fileID: 439718}
  - {fileID: 490044}
  - {fileID: 443172}
  - {fileID: 433578}
  - {fileID: 423712}
  - {fileID: 435628}
  - {fileID: 457010}
  - {fileID: 484114}
  - {fileID: 412466}
  - {fileID: 462318}
  - {fileID: 491136}
  - {fileID: 481270}
  - {fileID: 409904}
  - {fileID: 496878}
  - {fileID: 484900}
  - {fileID: 463490}
  - {fileID: 427946}
  - {fileID: 461806}
  - {fileID: 403562}
  - {fileID: 473296}
  - {fileID: 485914}
  - {fileID: 496892}
  - {fileID: 483468}
  m_BlendShapeWeights: []
  m_RootBone: {fileID: 423712}
  m_AABB:
    m_Center: {x: 0.0012600936, y: -0.00013771339, z: -0.0000000062864274}
    m_Extent: {x: 0.0046995534, y: 0.0012020394, z: 0.0044333935}
  m_DirtyAABB: 0
--- !u!1 &150604
GameObject:
  m_ObjectHideFlags: 0
  m_CorrespondingSourceObject: {fileID: 0}
  m_PrefabInstance: {fileID: 0}
  m_PrefabAsset: {fileID: 0}
  serializedVersion: 6
  m_Component:
  - component: {fileID: 491136}
  m_Layer: 0
  m_Name: Left_Wrist_Jnt
  m_TagString: Untagged
  m_Icon: {fileID: 0}
  m_NavMeshLayer: 0
  m_StaticEditorFlags: 0
  m_IsActive: 1
--- !u!4 &491136
Transform:
  m_ObjectHideFlags: 0
  m_CorrespondingSourceObject: {fileID: 0}
  m_PrefabInstance: {fileID: 0}
  m_PrefabAsset: {fileID: 0}
  m_GameObject: {fileID: 150604}
  m_LocalRotation: {x: -0.0011185819, y: -0.047522195, z: 0.014904362, w: 0.9987584}
  m_LocalPosition: {x: -0.0013659183, y: 1.110223e-18, z: 1.3183898e-18}
  m_LocalScale: {x: 1, y: 1, z: 1}
  m_Children:
  - {fileID: 499044}
  - {fileID: 496878}
  - {fileID: 481270}
  m_Father: {fileID: 462318}
  m_RootOrder: 0
  m_LocalEulerAnglesHint: {x: -0.0469, y: -5.449, z: 1.7120999}
--- !u!1 &152340
GameObject:
  m_ObjectHideFlags: 0
  m_CorrespondingSourceObject: {fileID: 0}
  m_PrefabInstance: {fileID: 0}
  m_PrefabAsset: {fileID: 0}
  serializedVersion: 6
  m_Component:
  - component: {fileID: 499044}
  m_Layer: 0
  m_Name: Extra_J
  m_TagString: Untagged
  m_Icon: {fileID: 0}
  m_NavMeshLayer: 0
  m_StaticEditorFlags: 0
  m_IsActive: 1
--- !u!4 &499044
Transform:
  m_ObjectHideFlags: 0
  m_CorrespondingSourceObject: {fileID: 0}
  m_PrefabInstance: {fileID: 0}
  m_PrefabAsset: {fileID: 0}
  m_GameObject: {fileID: 152340}
  m_LocalRotation: {x: 0.0006784529, y: 0.045003857, z: -0.028137065, w: 0.9985903}
  m_LocalPosition: {x: -0.0003782301, y: -0.0002633818, z: -0.00011178555}
  m_LocalScale: {x: 1, y: 1, z: 1}
  m_Children: []
  m_Father: {fileID: 491136}
  m_RootOrder: 0
  m_LocalEulerAnglesHint: {x: 0.2227, y: 5.1545997, z: -3.218}
--- !u!1 &154000
GameObject:
  m_ObjectHideFlags: 0
  m_CorrespondingSourceObject: {fileID: 0}
  m_PrefabInstance: {fileID: 0}
  m_PrefabAsset: {fileID: 0}
  serializedVersion: 6
  m_Component:
  - component: {fileID: 436300}
  m_Layer: 0
  m_Name: R_Toe_J
  m_TagString: Untagged
  m_Icon: {fileID: 0}
  m_NavMeshLayer: 0
  m_StaticEditorFlags: 0
  m_IsActive: 1
--- !u!4 &436300
Transform:
  m_ObjectHideFlags: 0
  m_CorrespondingSourceObject: {fileID: 0}
  m_PrefabInstance: {fileID: 0}
  m_PrefabAsset: {fileID: 0}
  m_GameObject: {fileID: 154000}
  m_LocalRotation: {x: 0.03723588, y: 0.035286535, z: 0.04219705, w: 0.99779147}
  m_LocalPosition: {x: 0.0003606896, y: -0.00003713732, z: -0.000011334377}
  m_LocalScale: {x: 1, y: 1, z: 1}
  m_Children: []
  m_Father: {fileID: 433578}
  m_RootOrder: 0
  m_LocalEulerAnglesHint: {x: 4.0903, y: 4.2293, z: 4.9943}
--- !u!1 &156108
GameObject:
  m_ObjectHideFlags: 0
  m_CorrespondingSourceObject: {fileID: 0}
  m_PrefabInstance: {fileID: 0}
  m_PrefabAsset: {fileID: 0}
  serializedVersion: 6
  m_Component:
  - component: {fileID: 483468}
  m_Layer: 0
  m_Name: Right_Fingers_02_Jnt
  m_TagString: Untagged
  m_Icon: {fileID: 0}
  m_NavMeshLayer: 0
  m_StaticEditorFlags: 0
  m_IsActive: 1
--- !u!4 &483468
Transform:
  m_ObjectHideFlags: 0
  m_CorrespondingSourceObject: {fileID: 0}
  m_PrefabInstance: {fileID: 0}
  m_PrefabAsset: {fileID: 0}
  m_GameObject: {fileID: 156108}
  m_LocalRotation: {x: 0, y: 0, z: 0, w: 1}
  m_LocalPosition: {x: 0.00025730062, y: -0.000005234724, z: 0.000009563324}
  m_LocalScale: {x: 1, y: 1, z: 1}
  m_Children: []
  m_Father: {fileID: 496892}
  m_RootOrder: 0
  m_LocalEulerAnglesHint: {x: 0, y: 0, z: 0}
--- !u!1 &163236
GameObject:
  m_ObjectHideFlags: 0
  m_CorrespondingSourceObject: {fileID: 0}
  m_PrefabInstance: {fileID: 0}
  m_PrefabAsset: {fileID: 0}
  serializedVersion: 6
  m_Component:
  - component: {fileID: 484900}
  m_Layer: 0
  m_Name: Left_Fingers_02_Jnt
  m_TagString: Untagged
  m_Icon: {fileID: 0}
  m_NavMeshLayer: 0
  m_StaticEditorFlags: 0
  m_IsActive: 1
--- !u!4 &484900
Transform:
  m_ObjectHideFlags: 0
  m_CorrespondingSourceObject: {fileID: 0}
  m_PrefabInstance: {fileID: 0}
  m_PrefabAsset: {fileID: 0}
  m_GameObject: {fileID: 163236}
  m_LocalRotation: {x: 0, y: 0, z: 0, w: 1}
  m_LocalPosition: {x: -0.00025730443, y: 0.000005233863, z: -0.000009563315}
  m_LocalScale: {x: 1, y: 1, z: 1}
  m_Children: []
  m_Father: {fileID: 496878}
  m_RootOrder: 0
  m_LocalEulerAnglesHint: {x: 0, y: 0, z: 0}
--- !u!1 &163624
GameObject:
  m_ObjectHideFlags: 0
  m_CorrespondingSourceObject: {fileID: 0}
  m_PrefabInstance: {fileID: 0}
  m_PrefabAsset: {fileID: 0}
  serializedVersion: 6
  m_Component:
  - component: {fileID: 402566}
  m_Layer: 0
  m_Name: Root_Jnt
  m_TagString: Untagged
  m_Icon: {fileID: 0}
  m_NavMeshLayer: 0
  m_StaticEditorFlags: 0
  m_IsActive: 1
--- !u!4 &402566
Transform:
  m_ObjectHideFlags: 0
  m_CorrespondingSourceObject: {fileID: 0}
  m_PrefabInstance: {fileID: 0}
  m_PrefabAsset: {fileID: 0}
  m_GameObject: {fileID: 163624}
  m_LocalRotation: {x: 0, y: 0, z: 0, w: 1}
  m_LocalPosition: {x: 0.00000006414084, y: 0.0046986705, z: 0.00004027034}
  m_LocalScale: {x: 1, y: 1, z: 1}
  m_Children:
  - {fileID: 496882}
  - {fileID: 423712}
  m_Father: {fileID: 446958}
  m_RootOrder: 1
  m_LocalEulerAnglesHint: {x: 0, y: 0, z: 0}
--- !u!1 &164818
GameObject:
  m_ObjectHideFlags: 0
  m_CorrespondingSourceObject: {fileID: 0}
  m_PrefabInstance: {fileID: 0}
  m_PrefabAsset: {fileID: 0}
  serializedVersion: 6
  m_Component:
  - component: {fileID: 468720}
  m_Layer: 0
  m_Name: L_Ankle_J
  m_TagString: Untagged
  m_Icon: {fileID: 0}
  m_NavMeshLayer: 0
  m_StaticEditorFlags: 0
  m_IsActive: 1
--- !u!4 &468720
Transform:
  m_ObjectHideFlags: 0
  m_CorrespondingSourceObject: {fileID: 0}
  m_PrefabInstance: {fileID: 0}
  m_PrefabAsset: {fileID: 0}
  m_GameObject: {fileID: 164818}
  m_LocalRotation: {x: 0.80471087, y: 0.59198105, z: 0.02496068, w: 0.037091352}
  m_LocalPosition: {x: -0.0020262965, y: 0.00015337294, z: -0.00000848232}
  m_LocalScale: {x: 1, y: 1, z: 1}
  m_Children:
  - {fileID: 471694}
  m_Father: {fileID: 413446}
  m_RootOrder: 0
  m_LocalEulerAnglesHint: {x: 1.7272999, y: 175.1743, z: 107.2475}
--- !u!1 &190740
GameObject:
  m_ObjectHideFlags: 0
  m_CorrespondingSourceObject: {fileID: 0}
  m_PrefabInstance: {fileID: 0}
  m_PrefabAsset: {fileID: 0}
  serializedVersion: 6
  m_Component:
  - component: {fileID: 485914}
  m_Layer: 0
  m_Name: Right_Thumb_Jnt_02
  m_TagString: Untagged
  m_Icon: {fileID: 0}
  m_NavMeshLayer: 0
  m_StaticEditorFlags: 0
  m_IsActive: 1
--- !u!4 &485914
Transform:
  m_ObjectHideFlags: 0
  m_CorrespondingSourceObject: {fileID: 0}
  m_PrefabInstance: {fileID: 0}
  m_PrefabAsset: {fileID: 0}
  m_GameObject: {fileID: 190740}
  m_LocalRotation: {x: 0.7437731, y: 0.025162034, z: -0.022584291, w: 0.6675765}
  m_LocalPosition: {x: 0.00015641676, y: -1.411848e-10, z: 0.0000000014977921}
  m_LocalScale: {x: 1, y: 1, z: 1}
  m_Children: []
  m_Father: {fileID: 473296}
  m_RootOrder: 0
  m_LocalEulerAnglesHint: {x: 83.8194, y: -180, z: 176.1248}
--- !u!1 &192424
GameObject:
  m_ObjectHideFlags: 0
  m_CorrespondingSourceObject: {fileID: 0}
  m_PrefabInstance: {fileID: 0}
  m_PrefabAsset: {fileID: 0}
  serializedVersion: 6
  m_Component:
  - component: {fileID: 462318}
  m_Layer: 0
  m_Name: Left_Elbow_Jnt
  m_TagString: Untagged
  m_Icon: {fileID: 0}
  m_NavMeshLayer: 0
  m_StaticEditorFlags: 0
  m_IsActive: 1
--- !u!4 &462318
Transform:
  m_ObjectHideFlags: 0
  m_CorrespondingSourceObject: {fileID: 0}
  m_PrefabInstance: {fileID: 0}
  m_PrefabAsset: {fileID: 0}
  m_GameObject: {fileID: 192424}
  m_LocalRotation: {x: 0.000053518565, y: 0.014909497, z: 0.0029275403, w: 0.9998846}
  m_LocalPosition: {x: -0.001276448, y: -0.00000036672958, z: -0.000029187097}
  m_LocalScale: {x: 1, y: 1, z: 1}
  m_Children:
  - {fileID: 491136}
  m_Father: {fileID: 412466}
  m_RootOrder: 0
  m_LocalEulerAnglesHint: {x: 0.0011, y: 1.7085999, z: 0.3355}
--- !u!1 &195874
GameObject:
  m_ObjectHideFlags: 0
  m_CorrespondingSourceObject: {fileID: 0}
  m_PrefabInstance: {fileID: 0}
  m_PrefabAsset: {fileID: 0}
  serializedVersion: 6
  m_Component:
  - component: {fileID: 457010}
  m_Layer: 0
  m_Name: Head_Jnt_01
  m_TagString: Untagged
  m_Icon: {fileID: 0}
  m_NavMeshLayer: 0
  m_StaticEditorFlags: 0
  m_IsActive: 1
--- !u!4 &457010
Transform:
  m_ObjectHideFlags: 0
  m_CorrespondingSourceObject: {fileID: 0}
  m_PrefabInstance: {fileID: 0}
  m_PrefabAsset: {fileID: 0}
  m_GameObject: {fileID: 195874}
  m_LocalRotation: {x: 0.0000014605656, y: -0.000006315043, z: 0.9958296, w: 0.09123303}
  m_LocalPosition: {x: -0.0012940589, y: 4.1633362e-19, z: 2.4932414e-20}
  m_LocalScale: {x: 1, y: 1, z: 1}
  m_Children: []
  m_Father: {fileID: 435628}
  m_RootOrder: 0
  m_LocalEulerAnglesHint: {x: 0.0007, y: 0.0001, z: 169.5309}
--- !u!1 &197488
GameObject:
  m_ObjectHideFlags: 0
  m_CorrespondingSourceObject: {fileID: 0}
  m_PrefabInstance: {fileID: 0}
  m_PrefabAsset: {fileID: 0}
  serializedVersion: 6
  m_Component:
  - component: {fileID: 473296}
  m_Layer: 0
  m_Name: Right_Thumb_Jnt_01
  m_TagString: Untagged
  m_Icon: {fileID: 0}
  m_NavMeshLayer: 0
  m_StaticEditorFlags: 0
  m_IsActive: 1
--- !u!4 &473296
Transform:
  m_ObjectHideFlags: 0
  m_CorrespondingSourceObject: {fileID: 0}
  m_PrefabInstance: {fileID: 0}
  m_PrefabAsset: {fileID: 0}
  m_GameObject: {fileID: 197488}
  m_LocalRotation: {x: 0.08227083, y: 0.34824458, z: 0.16292961, w: 0.91946244}
  m_LocalPosition: {x: 0.00013129563, y: 0.0001655563, z: -0.00030557942}
  m_LocalScale: {x: 1, y: 1, z: 1}
  m_Children:
  - {fileID: 485914}
  m_Father: {fileID: 403562}
  m_RootOrder: 2
  m_LocalEulerAnglesHint: {x: 2.1669, y: 41.888397, z: 20.9266}
--- !u!1 &199378
GameObject:
  m_ObjectHideFlags: 0
  m_CorrespondingSourceObject: {fileID: 0}
  m_PrefabInstance: {fileID: 0}
  m_PrefabAsset: {fileID: 0}
  serializedVersion: 6
  m_Component:
  - component: {fileID: 451920}
  m_Layer: 0
  m_Name: Batch_29
  m_TagString: Untagged
  m_Icon: {fileID: 0}
  m_NavMeshLayer: 0
  m_StaticEditorFlags: 0
  m_IsActive: 1
--- !u!4 &451920
Transform:
  m_ObjectHideFlags: 0
  m_CorrespondingSourceObject: {fileID: 0}
  m_PrefabInstance: {fileID: 0}
  m_PrefabAsset: {fileID: 0}
  m_GameObject: {fileID: 199378}
  m_LocalRotation: {x: 0, y: 0, z: 0, w: 1}
  m_LocalPosition: {x: 0, y: 0.0025322707, z: 0.0006225487}
  m_LocalScale: {x: 1, y: 1, z: 1}
  m_Children:
  - {fileID: 400902}
  m_Father: {fileID: 446958}
  m_RootOrder: 0
  m_LocalEulerAnglesHint: {x: 0, y: 0, z: 0}
--- !u!1 &199726
GameObject:
  m_ObjectHideFlags: 0
  m_CorrespondingSourceObject: {fileID: 0}
  m_PrefabInstance: {fileID: 0}
  m_PrefabAsset: {fileID: 0}
  serializedVersion: 6
  m_Component:
  - component: {fileID: 435628}
  m_Layer: 0
  m_Name: Spine_02_J
  m_TagString: Untagged
  m_Icon: {fileID: 0}
  m_NavMeshLayer: 0
  m_StaticEditorFlags: 0
  m_IsActive: 1
--- !u!4 &435628
Transform:
  m_ObjectHideFlags: 0
  m_CorrespondingSourceObject: {fileID: 0}
  m_PrefabInstance: {fileID: 0}
  m_PrefabAsset: {fileID: 0}
  m_GameObject: {fileID: 199726}
  m_LocalRotation: {x: 1.4914334e-23, y: 0.00000033192907, z: 0.057969104, w: 0.99831843}
  m_LocalPosition: {x: -0.00074751873, y: 2.081668e-18, z: 1.480423e-19}
  m_LocalScale: {x: 1, y: 1, z: 1}
  m_Children:
  - {fileID: 457010}
  - {fileID: 484114}
  - {fileID: 463490}
  m_Father: {fileID: 423712}
  m_RootOrder: 0
  m_LocalEulerAnglesHint: {x: 0, y: 0, z: 6.6464996}
